%refs in alphabetical order pls

@article{Abramo:2017xnp,
   title={Disentangling the effects of Doppler velocity and primordial non-Gaussianity in galaxy power spectra},
   volume={96},
   ISSN={2470-0029},
   url={http://dx.doi.org/10.1103/PhysRevD.96.123535},
   DOI={10.1103/physrevd.96.123535},
   number={12},
   journal={Physical Review D},
   publisher={American Physical Society (APS)},
   author={Abramo, L. Raul and Bertacca, Daniele},
   year={2017},
   month={Dec}
}

@article{Baldauf:2010vn,
      author         = "Baldauf, Tobias and Seljak, Uros and Senatore, Leonardo",
      title          = "{Primordial non-Gaussianity in the Bispectrum of the Halo
                        Density Field}",
      journal        = "JCAP",
      volume         = "1104",
      year           = "2011",
      pages          = "006",
      doi            = "10.1088/1475-7516/2011/04/006",
      eprint         = "1011.1513",
      archivePrefix  = "arXiv",
      primaryClass   = "astro-ph.CO",
      SLACcitation   = "%%CITATION = ARXIV:1011.1513;%%"
}

@article{Bernardeau_2002,
   title={Large-scale structure of the Universe and cosmological perturbation theory},
   volume={367},
   ISSN={0370-1573},
   url={http://dx.doi.org/10.1016/S0370-1573(02)00135-7},
   DOI={10.1016/s0370-1573(02)00135-7},
   number={1-3},
   journal={Physics Reports},
   publisher={Elsevier BV},
   author={Bernardeau, F. and Colombi, S. and Gaztañaga, E. and Scoccimarro, R.},
   year={2002},
   month={Sep},
   pages={1–248}
}

@article{Bertacca:2014hwa,
    author = "Bertacca, Daniele",
    title = "{Observed galaxy number counts on the light cone up to second order: III. Magnification bias}",
    eprint = "1409.2024",
    archivePrefix = "arXiv",
    primaryClass = "astro-ph.CO",
    doi = "10.1088/0264-9381/32/19/195011",
    journal = "Class. Quant. Grav.",
    volume = "32",
    number = "19",
    pages = "195011",
    year = "2015"
}

@article{Bertacca:2014dra,
    author = "Bertacca, Daniele and Maartens, Roy and Clarkson, Chris",
    title = "{Observed galaxy number counts on the lightcone up to second order: I. Main result}",
    eprint = "1405.4403",
    archivePrefix = "arXiv",
    primaryClass = "astro-ph.CO",
    doi = "10.1088/1475-7516/2014/09/037",
    journal = "JCAP",
    volume = "09",
    pages = "037",
    year = "2014"
}

@article{Bertacca:2014wga,
      author         = "Bertacca, Daniele and Maartens, Roy and Clarkson, Chris",
      title          = "{Observed galaxy number counts on the lightcone up to
                        second order: II. Derivation}",
      journal        = "JCAP",
      volume         = "1411",
      year           = "2014",
      number         = "11",
      pages          = "013",
      doi            = "10.1088/1475-7516/2014/11/013",
      eprint         = "1406.0319",
      archivePrefix  = "arXiv",
      primaryClass   = "astro-ph.CO",
      SLACcitation   = "%%CITATION = ARXIV:1406.0319;%%"
}

@article{Bertacca:2017dzm,
      author         = "Bertacca, Daniele and Raccanelli, Alvise and Bartolo,
                        Nicola and Liguori, Michele and Matarrese, Sabino and
                        Verde, Licia",
      title          = "{Relativistic wide-angle galaxy bispectrum on the
                        light-cone}",
      journal        = "Phys. Rev.",
      volume         = "D97",
      year           = "2018",
      number         = "2",
      pages          = "023531",
      doi            = "10.1103/PhysRevD.97.023531",
      eprint         = "1705.09306",
      archivePrefix  = "arXiv",
      primaryClass   = "astro-ph.CO",
      SLACcitation   = "%%CITATION = ARXIV:1705.09306;%%"
}


@article{Bonvin:2014owa,
    author = "Bonvin, Camille",
    title = "{Isolating relativistic effects in large-scale structure}",
    eprint = "1409.2224",
    archivePrefix = "arXiv",
    primaryClass = "astro-ph.CO",
    doi = "10.1088/0264-9381/31/23/234002",
    journal = "Class. Quant. Grav.",
    volume = "31",
    number = "23",
    pages = "234002",
    year = "2014"
}

@article{Camera:2018jys,
    author = "Camera, Stefano and Fonseca, Jos\'e and Maartens, Roy and Santos, M\'ario G.",
    title = "{Optimized angular power spectra for spectroscopic galaxy surveys}",
    eprint = "1803.10773",
    archivePrefix = "arXiv",
    primaryClass = "astro-ph.CO",
    doi = "10.1093/mnras/sty2284",
    journal = "Mon. Not. Roy. Astron. Soc.",
    volume = "481",
    number = "1",
    pages = "1251--1261",
    year = "2018"
}

@article{Celoria:2018euj,
    author = "Celoria, Marco and Matarrese, Sabino",
    editor = "Coccia, E. and Silk, J. and Vittorio, N.",
    title = "{Primordial Non-Gaussianity}",
    eprint = "1812.08197",
    archivePrefix = "arXiv",
    primaryClass = "astro-ph.CO",
    doi = "10.3254/ENFI200009",
    journal = "Proc. Int. Sch. Phys. Fermi",
    volume = "200",
    pages = "179--215",
    year = "2020"
}

@article{Challinor:2011bk,
    author = "Challinor, Anthony and Lewis, Antony",
    title = "{The linear power spectrum of observed source number counts}",
    eprint = "1105.5292",
    archivePrefix = "arXiv",
    primaryClass = "astro-ph.CO",
    doi = "10.1103/PhysRevD.84.043516",
    journal = "Phys. Rev. D",
    volume = "84",
    pages = "043516",
    year = "2011"
}

@article{Clarkson:2018dwn,
      author         = "Clarkson, Chris and de Weerd, Eline M. and Jolicoeur,
                        Sheean and Maartens, Roy and Umeh, Obinna",
      title          = "{The dipole of the galaxy bispectrum}",
      journal        = "Monthly Notices of the Royal Astronomical Society",
      volume         = "486",
      year           = "2019",
      number         = "1",
      pages          = "L101-L104",
      doi            = "10.1093/mnrasl/slz066",
      eprint         = "1812.09512",
      archivePrefix  = "arXiv",
      primaryClass   = "astro-ph.CO",
      SLACcitation   = "%%CITATION = ARXIV:1812.09512;%%"
}

@article{Desjacques:2016bnm,
    author = "Desjacques, Vincent and Jeong, Donghui and Schmidt, Fabian",
    title = "{Large-Scale Galaxy Bias}",
    eprint = "1611.09787",
    archivePrefix = "arXiv",
    primaryClass = "astro-ph.CO",
    doi = "10.1016/j.physrep.2017.12.002",
    journal = "Phys. Rept.",
    volume = "733",
    pages = "1--193",
    year = "2018"
}

@article{DiDio:2016gpd,
    author         = "Di Dio, E. and Perrier, H. and Durrer, R. and Marozzi, G.
                    and Moradinezhad Dizgah, A. and Noreña, J. and Riotto,
                    A.",
    title          = "{Non-Gaussianities due to Relativistic Corrections to the
                    Observed Galaxy Bispectrum}",
    journal        = "JCAP",
    volume         = "1703",
    year           = "2017",
    number         = "03",
    pages          = "006",
    doi            = "10.1088/1475-7516/2017/03/006",
    eprint         = "1611.03720",
    archivePrefix  = "arXiv",
    primaryClass   = "astro-ph.CO",
    SLACcitation   = "%%CITATION = ARXIV:1611.03720;%%"
}

@article{DiDio:2018zmk,
    author = "Di Dio, Enea and Seljak, Uro\v{s}",
    title = "{The relativistic dipole and gravitational redshift on LSS}",
    eprint = "1811.03054",
    archivePrefix = "arXiv",
    primaryClass = "astro-ph.CO",
    doi = "10.1088/1475-7516/2019/04/050",
    journal = "JCAP",
    volume = "04",
    pages = "050",
    year = "2019"
}

@article{DiDio:2018unb,
      author         = "Di Dio, Enea and Durrer, Ruth and Maartens, Roy and
                        Montanari, Francesco and Umeh, Obinna",
      title          = "{The Full-Sky Angular Bispectrum in Redshift Space}",
      journal        = "JCAP",
      volume         = "1904",
      year           = "2019",
      pages          = "053",
      doi            = "10.1088/1475-7516/2019/04/053",
      eprint         = "1812.09297",
      archivePrefix  = "arXiv",
      primaryClass   = "astro-ph.CO",
      reportNumber   = "IFT-UAM/CSIC-18-134, HIP-2018-38/TH",
      SLACcitation   = "%%CITATION = ARXIV:1812.09297;%%"
}

@article{DiDio:2014lka,
    author = "Di Dio, Enea and Durrer, Ruth and Marozzi, Giovanni and Montanari, Francesco",
    title = "{Galaxy number counts to second order and their bispectrum}",
    eprint = "1407.0376",
    archivePrefix = "arXiv",
    primaryClass = "astro-ph.CO",
    doi = "10.1088/1475-7516/2014/12/017",
    journal = "JCAP",
    volume = "12",
    pages = "017",
    year = "2014",
    note = "[Erratum: JCAP 06, E01 (2015)]"
}

@article{DiDio:2018unb,
    author = "Di Dio, Enea and Durrer, Ruth and Maartens, Roy and Montanari, Francesco and Umeh, Obinna",
    title = "{The Full-Sky Angular Bispectrum in Redshift Space}",
    eprint = "1812.09297",
    archivePrefix = "arXiv",
    primaryClass = "astro-ph.CO",
    reportNumber = "IFT-UAM/CSIC-18-134, HIP-2018-38/TH",
    doi = "10.1088/1475-7516/2019/04/053",
    journal = "JCAP",
    volume = "04",
    pages = "053",
    year = "2019"
}

@article{Fonseca:2018hsu,
    author = "Fonseca, Jos\'e and Maartens, Roy and Santos, M\'ario G.",
    title = "{Synergies between intensity maps of hydrogen lines}",
    eprint = "1803.07077",
    archivePrefix = "arXiv",
    primaryClass = "astro-ph.CO",
    doi = "10.1093/mnras/sty1702",
    journal = "Mon. Not. Roy. Astron. Soc.",
    volume = "479",
    number = "3",
    pages = "3490--3497",
    year = "2018"
}

@article{Hall:2016bmm,
    author = "Hall, Alex and Bonvin, Camille",
    title = "{Measuring cosmic velocities with 21 cm intensity mapping and galaxy redshift survey cross-correlation dipoles}",
    eprint = "1609.09252",
    archivePrefix = "arXiv",
    primaryClass = "astro-ph.CO",
    doi = "10.1103/PhysRevD.95.043530",
    journal = "Phys. Rev. D",
    volume = "95",
    number = "4",
    pages = "043530",
    year = "2017"
}

@article{Jeong:2009vd,
      author         = "Jeong, Donghui and Komatsu, Eiichiro",
      title          = "{Primordial non-Gaussianity, scale-dependent bias, and
                        the bispectrum of galaxies}",
      journal        = "Astrophys. J.",
      volume         = "703",
      year           = "2009",
      pages          = "1230-1248",
      doi            = "10.1088/0004-637X/703/2/1230",
      eprint         = "0904.0497",
      archivePrefix  = "arXiv",
      primaryClass   = "astro-ph.CO",
      reportNumber   = "TCC-015-09",
      SLACcitation   = "%%CITATION = ARXIV:0904.0497;%%"

}

@article{Jeong_2012,
   title={Large-scale clustering of galaxies in general relativity},
   volume={85},
   ISSN={1550-2368},
   url={http://dx.doi.org/10.1103/PhysRevD.85.023504},
   DOI={10.1103/physrevd.85.023504},
   number={2},
   journal={Physical Review D},
   publisher={American Physical Society (APS)},
   author={Jeong, Donghui and Schmidt, Fabian and Hirata, Christopher M.},
   year={2012},
   month={Jan}
}

@article{Jolicoeur:2017nyt,
    author = "Jolicoeur, Sheean and Umeh, Obinna and Maartens, Roy and Clarkson, Chris",
    title = "{Imprints of local lightcone \textbackslash{} projection effects on the galaxy bispectrum. Part II}",
    eprint = "1703.09630",
    archivePrefix = "arXiv",
    primaryClass = "astro-ph.CO",
    doi = "10.1088/1475-7516/2017/09/040",
    journal = "JCAP",
    volume = "09",
    pages = "040",
    year = "2017"
}

@article{Jolicoeur:2018blf,
    author = "Jolicoeur, Sheean and Allahyari, Alireza and Clarkson, Chris and Larena, Julien and Umeh, Obinna and Maartens, Roy",
    title = "{Imprints of local lightcone projection effects on the galaxy bispectrum IV: Second-order vector and tensor contributions}",
    eprint = "1811.05458",
    archivePrefix = "arXiv",
    primaryClass = "astro-ph.CO",
    doi = "10.1088/1475-7516/2019/03/004",
    journal = "JCAP",
    volume = "03",
    pages = "004",
    year = "2019"
}

@article{Jolicoeur:2017eyi,
    author = "Jolicoeur, Sheean and Umeh, Obinna and Maartens, Roy and Clarkson, Chris",
    title = "{Imprints of local lightcone projection effects on the galaxy bispectrum. Part III. Relativistic corrections from nonlinear dynamical evolution on large-scales}",
    eprint = "1711.01812",
    archivePrefix = "arXiv",
    primaryClass = "astro-ph.CO",
    doi = "10.1088/1475-7516/2018/03/036",
    journal = "JCAP",
    volume = "03",
    pages = "036",
    year = "2018"
}

@article{Kaiser:1987qv,
    author = "Kaiser, N.",
    title = "{Clustering in real space and in redshift space}",
    journal = "Mon. Not. Roy. Astron. Soc.",
    volume = "227",
    pages = "1--27",
    year = "1987"
}

@article{Karagiannis_2018,
   title={Constraining primordial non-Gaussianity with bispectrum and power spectrum from upcoming optical and radio surveys},
   volume={478},
   ISSN={1365-2966},
   url={http://dx.doi.org/10.1093/mnras/sty1029},
   DOI={10.1093/mnras/sty1029},
   number={1},
   journal={Monthly Notices of the Royal Astronomical Society},
   publisher={Oxford University Press (OUP)},
   author={Karagiannis, Dionysios and Lazanu, Andrei and Liguori, Michele and Raccanelli, Alvise and Bartolo, Nicola and Verde, Licia},
   year={2018},
   month={Apr},
   pages={1341–1376}
}


@article{Lewis:1999bs,
    author = "Lewis, Antony and Challinor, Anthony and Lasenby, Anthony",
    title = "{Efficient computation of CMB anisotropies in closed FRW models}",
    eprint = "astro-ph/9911177",
    archivePrefix = "arXiv",
    doi = "10.1086/309179",
    journal = "Astrophys. J.",
    volume = "538",
    pages = "473--476",
    year = "2000"
}

@article{Maartens:2019yhx,
   title={Detecting the relativistic galaxy bispectrum},
   volume={2020},
   ISSN={1475-7516},
   url={http://dx.doi.org/10.1088/1475-7516/2020/03/065},
   DOI={10.1088/1475-7516/2020/03/065},
   number={03},
   journal={JCAP},
   publisher={IOP Publishing},
   author={Maartens, Roy and Jolicoeur, Sheean and Umeh, Obinna and De Weerd, Eline M. and Clarkson, Chris and Camera, Stefano},
   year={2020},
   month={Mar},
   pages={065–065}
}


@article{McDonald:2009dh,
    author = "McDonald, Patrick",
    title = "{Gravitational redshift and other redshift-space distortions of the imaginary part of the power spectrum}",
    eprint = "0907.5220",
    archivePrefix = "arXiv",
    primaryClass = "astro-ph.CO",
    doi = "10.1088/1475-7516/2009/11/026",
    journal = "JCAP",
    volume = "11",
    pages = "026",
    year = "2009"
}

@article{Nan:2017oaq,
    author = "Nan, Yue and Yamamoto, Kazuhiro and Hikage, Chiaki",
    title = "{Higher multipoles of the galaxy bispectrum in redshift space}",
    eprint = "1706.03515",
    archivePrefix = "arXiv",
    primaryClass = "astro-ph.CO",
    reportNumber = "HUPD-1704",
    doi = "10.1088/1475-7516/2018/07/038",
    journal = "JCAP",
    volume = "07",
    pages = "038",
    year = "2018"
}

@article{Pan:2019dxa,
      author         = "Pan, Hengxing and Obreschkow, Danail and Howlett, Cullan
                        and Lagos, Claudia del P. and Elahi, Pascal J. and Baugh,
                        Carlton and Gonzalez-Perez, Violeta",
      title          = "{Multi-wavelength consensus of large-scale linear bias}",
      year           = "2019",
      eprint         = "1909.12069",
      archivePrefix  = "arXiv",
      primaryClass   = "astro-ph.CO",
      SLACcitation   = "%%CITATION = ARXIV:1909.12069;%%"
}

@article{Pozzetti:2016cch,
      author         = "Pozzetti, L. and Hirata, C. M. and Geach, J. E. and
                        Cimatti, A. and Baugh, C. and Cucciati, O. and Merson, A.
                        and Norberg, P. and Shi, D.",
      title          = "{Modelling the number density of Hα emitters for future
                        spectroscopic near-IR space missions}",
      journal        = "Astron. Astrophys.",
      volume         = "590",
      year           = "2016",
      pages          = "A3",
      doi            = "10.1051/0004-6361/201527081",
      eprint         = "1603.01453",
      archivePrefix  = "arXiv",
      primaryClass   = "astro-ph.GA",
      SLACcitation   = "%%CITATION = ARXIV:1603.01453;%%"
}

 @article{Raccanelli:2016avd,
    author = "Raccanelli, Alvise and Bertacca, Daniele and Jeong, Donghui and Neyrinck, Mark C. and Szalay, Alexander S.",
    title = "{Doppler term in the galaxy two-point correlation function: wide-angle, velocity, Doppler lensing and cosmic acceleration effects}",
    eprint = "1602.03186",
    archivePrefix = "arXiv",
    primaryClass = "astro-ph.CO",
    doi = "10.1016/j.dark.2017.12.003",
    journal = "Phys. Dark Univ.",
    volume = "19",
    pages = "109--123",
    year = "2018"
}

@article{Scoccimarro:1999ed,
   title={The Bispectrum as a Signature of Gravitational Instability in Redshift Space},
   volume={517},
   ISSN={1538-4357},
   url={http://dx.doi.org/10.1086/307220},
   DOI={10.1086/307220},
   number={2},
   journal={The Astrophysical Journal},
   publisher={American Astronomical Society},
   author={Scoccimarro, Roman and Couchman, H. M. P. and Frieman, Joshua A.},
   year={1999},
   month={Jun},
   pages={531–540}
}

@article{Sugiyama_2018,
   title={A complete FFT-based decomposition formalism for the redshift-space bispectrum},
   volume={484},
   ISSN={1365-2966},
   url={http://dx.doi.org/10.1093/mnras/sty3249},
   DOI={10.1093/mnras/sty3249},
   number={1},
   journal={Monthly Notices of the Royal Astronomical Society},
   publisher={Oxford University Press (OUP)},
   author={Sugiyama, Naonori S and Saito, Shun and Beutler, Florian and Seo, Hee-Jong},
   year={2018},
   month={Nov},
   pages={364–384}
}

@article{Tansella:2017rpi,
    author = "Tansella, Vittorio and Bonvin, Camille and Durrer, Ruth and Ghosh, Basundhara and Sellentin, Elena",
    title = "{The full-sky relativistic correlation function and power spectrum of galaxy number counts. Part I: theoretical aspects}",
    eprint = "1708.00492",
    archivePrefix = "arXiv",
    primaryClass = "astro-ph.CO",
    doi = "10.1088/1475-7516/2018/03/019",
    journal = "JCAP",
    volume = "03",
    pages = "019",
    year = "2018"
}

@article{Tellarini:2016sgp,
   title={Galaxy bispectrum, primordial non-Gaussianity and redshift space distortions},
   volume={2016},
   ISSN={1475-7516},
   url={http://dx.doi.org/10.1088/1475-7516/2016/06/014},
   DOI={10.1088/1475-7516/2016/06/014},
   number={06},
   journal={Journal of Cosmology and Astroparticle Physics},
   publisher={IOP Publishing},
   author={Tellarini, Matteo and Ross, Ashley J. and Tasinato, Gianmassimo and Wands, David},
   year={2016},
   month={Jun},
   pages={014–014}
}

@article{Umeh:2015gza,
    author = "Umeh, Obinna and Maartens, Roy and Santos, Mario",
    title = "{Nonlinear modulation of the HI power spectrum on ultra-large scales. I}",
    eprint = "1509.03786",
    archivePrefix = "arXiv",
    primaryClass = "astro-ph.CO",
    doi = "10.1088/1475-7516/2016/03/061",
    journal = "JCAP",
    volume = "03",
    pages = "061",
    year = "2016"
}

@article{Umeh:2016nuh,
    author = "Umeh, Obinna and Jolicoeur, Sheean and Maartens, Roy and Clarkson, Chris",
    title = "{A general relativistic signature in the galaxy bispectrum: the local effects of observing on the lightcone}",
    eprint = "1610.03351",
    archivePrefix = "arXiv",
    primaryClass = "astro-ph.CO",
    doi = "10.1088/1475-7516/2017/03/034",
    journal = "JCAP",
    volume = "03",
    pages = "034",
    year = "2017"
}

@article{Umeh:2019qyd,
      author         = "Umeh, Obinna and Koyama, Kazuya and Maartens, Roy and
                        Schmidt, Fabian and Clarkson, Chris",
      title          = "{General relativistic effects in the galaxy bias at
                        second order}",
      journal        = "JCAP",
      volume         = "1905",
      year           = "2019",
      number         = "05",
      pages          = "020",
      doi            = "10.1088/1475-7516/2019/05/020",
      eprint         = "1901.07460",
      archivePrefix  = "arXiv",
      primaryClass   = "astro-ph.CO",
      SLACcitation   = "%%CITATION = ARXIV:1901.07460;%%"
}

@article{Verde:1998zr,
   title={Large-scale bias in the Universe - II. Redshift-space bispectrum},
   volume={300},
   ISSN={1365-2966},
   url={http://dx.doi.org/10.1046/j.1365-8711.1998.01937.x},
   DOI={10.1046/j.1365-8711.1998.01937.x},
   number={3},
   journal={Monthly Notices of the Royal Astronomical Society},
   publisher={Oxford University Press (OUP)},
   author={Verde, L. and Heavens, A. F. and Matarrese, S. and Moscardini, L.},
   year={1998},
   month={Nov},
   pages={747–756}
}

@article{Villa:2015ppa,
      author         = "Villa, Eleonora and Rampf, Cornelius",
      title          = "{Relativistic perturbations in $\Lambda$CDM: Eulerian \&
                        Lagrangian approaches}",
      journal        = "JCAP",
      volume         = "1601",
      year           = "2016",
      number         = "01",
      pages          = "030",
      doi            = "10.1088/1475-7516/2018/05/E01,
                        10.1088/1475-7516/2016/01/030",
      note           = "[Erratum: JCAP1805,no.05,E01(2018)]",
      eprint         = "1505.04782",
      archivePrefix  = "arXiv",
      primaryClass   = "gr-qc",
      SLACcitation   = "%%CITATION = ARXIV:1505.04782;%%"
}


@article{Yankelevich:2018uaz,
    author = "Yankelevich, Victoria and Porciani, Cristiano",
    title = "{Cosmological information in the redshift-space bispectrum}",
    eprint = "1807.07076",
    archivePrefix = "arXiv",
    primaryClass = "astro-ph.CO",
    doi = "10.1093/mnras/sty3143",
    journal = "Mon. Not. Roy. Astron. Soc.",
    volume = "483",
    number = "2",
    pages = "2078--2099",
    year = "2019"
}

@article{Yoo:2014sfa,
    author = "Yoo, Jaiyul and Zaldarriaga, Matias",
    title = "{Beyond the Linear-Order Relativistic Effect in Galaxy Clustering: Second-Order Gauge-Invariant Formalism}",
    eprint = "1406.4140",
    archivePrefix = "arXiv",
    primaryClass = "astro-ph.CO",
    doi = "10.1103/PhysRevD.90.023513",
    journal = "Phys. Rev. D",
    volume = "90",
    number = "2",
    pages = "023513",
    year = "2014"
}

