%refs in alphabetical order pls

@article{Abramo:2017xnp,
   title={Disentangling the effects of Doppler velocity and primordial non-Gaussianity in galaxy power spectra},
   volume={96},
   ISSN={2470-0029},
   url={http://dx.doi.org/10.1103/PhysRevD.96.123535},
   DOI={10.1103/physrevd.96.123535},
   number={12},
   journal={Physical Review D},
   publisher={American Physical Society (APS)},
   author={Abramo, L. Raul and Bertacca, Daniele},
   year={2017},
   month={Dec}
}

@article{Aghanim:2018eyx,
      author         = "Aghanim, N. and others",
      title          = "{Planck 2018 results. VI. Cosmological parameters}",
      collaboration  = "Planck",
      year           = "2018",
      eprint         = "1807.06209",
      archivePrefix  = "arXiv",
      primaryClass   = "astro-ph.CO",
      SLACcitation   = "%%CITATION = ARXIV:1807.06209;%%"
}

@article{Albrecht:1982wi,
    author = "Albrecht, Andreas and Steinhardt, Paul J.",
    editor = "Fang, Li-Zhi and Ruffini, R.",
    title = "{Cosmology for Grand Unified Theories with Radiatively Induced Symmetry Breaking}",
    reportNumber = "UPR-0185T",
    doi = "10.1103/PhysRevLett.48.1220",
    journal = "Phys. Rev. Lett.",
    volume = "48",
    pages = "1220--1223",
    year = "1982"
}

@article{Alonso:2014dhk,
    author = "Alonso, David and Bull, Philip and Ferreira, Pedro G. and Santos, Mario G.",
    title = "{Blind foreground subtraction for intensity mapping experiments}",
    eprint = "1409.8667",
    archivePrefix = "arXiv",
    primaryClass = "astro-ph.CO",
    doi = "10.1093/mnras/stu2474",
    journal = "Mon. Not. Roy. Astron. Soc.",
    volume = "447",
    pages = "400",
    year = "2015"
}

@article{Alonso:2015uua,
      author         = "Alonso, David and Bull, Philip and Ferreira, Pedro G. and
                        Maartens, Roy and Santos, M.",
      title          = "{Ultra large-scale cosmology in next-generation
                        experiments with single tracers}",
      journal        = "Astrophys. J.",
      volume         = "814",
      year           = "2015",
      number         = "2",
      pages          = "145",
      doi            = "10.1088/0004-637X/814/2/145",
      eprint         = "1505.07596",
      archivePrefix  = "arXiv",
      primaryClass   = "astro-ph.CO",
      SLACcitation   = "%%CITATION = ARXIV:1505.07596;%%"
}

@article{Alonso:2015sfa,
    author = "Alonso, David and Ferreira, Pedro G.",
    title = "{Constraining ultralarge-scale cosmology with multiple tracers in optical and radio surveys}",
    eprint = "1507.03550",
    archivePrefix = "arXiv",
    primaryClass = "astro-ph.CO",
    doi = "10.1103/PhysRevD.92.063525",
    journal = "Phys. Rev. D",
    volume = "92",
    number = "6",
    pages = "063525",
    year = "2015"
}

@article{Alonso:2017dgh,
    author = "Alonso, David and Ferreira, Pedro G. and Jarvis, Matt J. and Moodley, Kavilan",
    title = "{Calibrating photometric redshifts with intensity mapping observations}",
    eprint = "1704.01941",
    archivePrefix = "arXiv",
    primaryClass = "astro-ph.CO",
    doi = "10.1103/PhysRevD.96.043515",
    journal = "Phys. Rev. D",
    volume = "96",
    number = "4",
    pages = "043515",
    year = "2017"
}

@article{Ananda:2006af,
    author = "Ananda, Kishore N. and Clarkson, Chris and Wands, David",
    title = "{The Cosmological gravitational wave background from primordial density perturbations}",
    eprint = "gr-qc/0612013",
    archivePrefix = "arXiv",
    doi = "10.1103/PhysRevD.75.123518",
    journal = "Phys. Rev. D",
    volume = "75",
    pages = "123518",
    year = "2007"
}

@article{Andrianomena:2014sya,
    author = "Andrianomena, Sambatra and Clarkson, Chris and Patel, Prina and Umeh, Obinna and Uzan, Jean-Philippe",
    title = "{Non-linear relativistic contributions to the cosmological weak-lensing convergence}",
    eprint = "1402.4350",
    archivePrefix = "arXiv",
    primaryClass = "gr-qc",
    doi = "10.1088/1475-7516/2014/06/023",
    journal = "JCAP",
    volume = "06",
    pages = "023",
    year = "2014"
}

@article{Ansari:2018ury,
    author = "Ansari, R\'eza and others",
    collaboration = "Cosmic Visions 21 cm",
    title = "{Inflation and Early Dark Energy with a Stage II Hydrogen Intensity Mapping experiment}",
    eprint = "1810.09572",
    archivePrefix = "arXiv",
    primaryClass = "astro-ph.CO",
    reportNumber = "FERMILAB-PUB-18-594-A",
    month = "10",
    year = "2018"
}

@article{Asorey:2020mxs,
    author = "Asorey, Jacobo and Parkinson, David and Shi, Feng and Song, Yong-Seon and Ahn, Kyungjin and Kim, Juhan and Yao, Jian and Zhang, Le and Zuo, Shifan",
    title = "{HIR4: cosmology from a simulated neutral hydrogen full sky using Horizon Run 4}",
    eprint = "2001.00833",
    archivePrefix = "arXiv",
    primaryClass = "astro-ph.CO",
    doi = "10.1093/mnras/staa1191",
    journal = "Mon. Not. Roy. Astron. Soc.",
    volume = "495",
    number = "2",
    pages = "1788--1806",
    year = "2020"
}

@article{Bacon:2018dui,
    author = "Bacon, David J. and others",
    collaboration = "SKA",
    title = "{Cosmology with Phase 1 of the Square Kilometre Array: Red Book 2018: Technical specifications and performance forecasts}",
    eprint = "1811.02743",
    archivePrefix = "arXiv",
    primaryClass = "astro-ph.CO",
    doi = "10.1017/pasa.2019.51",
    journal = "Publ. Astron. Soc. Austral.",
    volume = "37",
    pages = "e007",
    year = "2020"
}

@article{Baldauf:2010vn,
      author         = "Baldauf, Tobias and Seljak, Uros and Senatore, Leonardo",
      title          = "{Primordial non-Gaussianity in the Bispectrum of the Halo
                        Density Field}",
      journal        = "JCAP",
      volume         = "1104",
      year           = "2011",
      pages          = "006",
      doi            = "10.1088/1475-7516/2011/04/006",
      eprint         = "1011.1513",
      archivePrefix  = "arXiv",
      primaryClass   = "astro-ph.CO",
      SLACcitation   = "%%CITATION = ARXIV:1011.1513;%%"
}

@article{Ballardini:2019wxj,
    author = "Ballardini, Mario and Matthewson, William Luke and Maartens, Roy",
    title = "{Constraining primordial non-Gaussianity using two galaxy surveys and CMB lensing}",
    eprint = "1906.04730",
    archivePrefix = "arXiv",
    primaryClass = "astro-ph.CO",
    doi = "10.1093/mnras/stz2258",
    journal = "Mon. Not. Roy. Astron. Soc.",
    volume = "489",
    number = "2",
    pages = "1950--1956",
    year = "2019"
}

@article{Barreira:2020ekm,
    author = "Barreira, Alexandre",
    title = "{On the impact of galaxy bias uncertainties on primordial non-Gaussianity constraints}",
    eprint = "2009.06622",
    archivePrefix = "arXiv",
    primaryClass = "astro-ph.CO",
    doi = "10.1088/1475-7516/2020/12/031",
    journal = "JCAP",
    volume = "12",
    pages = "031",
    year = "2020"
}

@article{Barreira:2020kvh,
    author = "Barreira, Alexandre and Cabass, Giovanni and Schmidt, Fabian and Pillepich, Annalisa and Nelson, Dylan",
    title = "{Galaxy bias and primordial non-Gaussianity: insights from galaxy formation simulations with IllustrisTNG}",
    eprint = "2006.09368",
    archivePrefix = "arXiv",
    primaryClass = "astro-ph.CO",
    doi = "10.1088/1475-7516/2020/12/013",
    journal = "JCAP",
    volume = "12",
    pages = "013",
    year = "2020"
}

@article{Bartolo:2015qva,
    author = "Bartolo, Nicola and Bertacca, Daniele and Bruni, Marco and Koyama, Kazuya and Maartens, Roy and Matarrese, Sabino and Sasaki, Misao and Verde, Licia and Wands, David",
    title = "{A relativistic signature in large-scale structure}",
    eprint = "1506.00915",
    archivePrefix = "arXiv",
    primaryClass = "astro-ph.CO",
    reportNumber = "YITP-15-47",
    doi = "10.1016/j.dark.2016.04.002",
    journal = "Phys. Dark Univ.",
    volume = "13",
    pages = "30--34",
    year = "2016"
}

@article{Baumann:2007zm,
    author = "Baumann, Daniel and Steinhardt, Paul J. and Takahashi, Keitaro and Ichiki, Kiyotomo",
    title = "{Gravitational Wave Spectrum Induced by Primordial Scalar Perturbations}",
    eprint = "hep-th/0703290",
    archivePrefix = "arXiv",
    doi = "10.1103/PhysRevD.76.084019",
    journal = "Phys. Rev. D",
    volume = "76",
    pages = "084019",
    year = "2007"
}

@article{Bernal:2019jdo,
    author = "Bernal, Jos\'e Luis and Breysse, Patrick C. and Gil-Mar\'\i{}n, H\'ector and Kovetz, Ely D.",
    title = "{User\textquoteright{}s guide to extracting cosmological information from line-intensity maps}",
    eprint = "1907.10067",
    archivePrefix = "arXiv",
    primaryClass = "astro-ph.CO",
    doi = "10.1103/PhysRevD.100.123522",
    journal = "Phys. Rev. D",
    volume = "100",
    number = "12",
    pages = "123522",
    year = "2019"
}

@article{Bernal:2020pwq,
    author = "Bernal, Jos\'e Luis and Bellomo, Nicola and Raccanelli, Alvise and Verde, Licia",
    title = "{Beware of commonly used approximations. Part II. Estimating systematic biases in the best-fit parameters}",
    eprint = "2005.09666",
    archivePrefix = "arXiv",
    primaryClass = "astro-ph.CO",
    reportNumber = "CERN-TH-2020-054",
    doi = "10.1088/1475-7516/2020/10/017",
    journal = "JCAP",
    volume = "10",
    pages = "017",
    year = "2020"
}

@article{Bernardeau:2001qr,
   title={Large-scale structure of the Universe and cosmological perturbation theory},
   volume={367},
   ISSN={0370-1573},
   url={http://dx.doi.org/10.1016/S0370-1573(02)00135-7},
   DOI={10.1016/s0370-1573(02)00135-7},
   number={1-3},
   journal={Physics Reports},
   publisher={Elsevier BV},
   author={Bernardeau, F. and Colombi, S. and Gaztañaga, E. and Scoccimarro, R.},
   year={2002},
   month={Sep},
   pages={1–248}
}

@article{Bertacca:2014hwa,
    author = "Bertacca, Daniele",
    title = "{Observed galaxy number counts on the light cone up to second order: III. Magnification bias}",
    eprint = "1409.2024",
    archivePrefix = "arXiv",
    primaryClass = "astro-ph.CO",
    doi = "10.1088/0264-9381/32/19/195011",
    journal = "Class. Quant. Grav.",
    volume = "32",
    number = "19",
    pages = "195011",
    year = "2015"
}

@article{Bertacca:2014dra,
    author = "Bertacca, Daniele and Maartens, Roy and Clarkson, Chris",
    title = "{Observed galaxy number counts on the lightcone up to second order: I. Main result}",
    eprint = "1405.4403",
    archivePrefix = "arXiv",
    primaryClass = "astro-ph.CO",
    doi = "10.1088/1475-7516/2014/09/037",
    journal = "JCAP",
    volume = "09",
    pages = "037",
    year = "2014"
}

@article{Bertacca:2014wga,
      author         = "Bertacca, Daniele and Maartens, Roy and Clarkson, Chris",
      title          = "{Observed galaxy number counts on the lightcone up to
                        second order: II. Derivation}",
      journal        = "JCAP",
      volume         = "1411",
      year           = "2014",
      number         = "11",
      pages          = "013",
      doi            = "10.1088/1475-7516/2014/11/013",
      eprint         = "1406.0319",
      archivePrefix  = "arXiv",
      primaryClass   = "astro-ph.CO",
      SLACcitation   = "%%CITATION = ARXIV:1406.0319;%%"
}

@article{Bertacca:2015mca,
    author = "Bertacca, Daniele and Bartolo, Nicola and Bruni, Marco and Koyama, Kazuya and Maartens, Roy and Matarrese, Sabino and Sasaki, Misao and Wands, David",
    title = "{Galaxy bias and gauges at second order in General Relativity}",
    eprint = "1501.03163",
    archivePrefix = "arXiv",
    primaryClass = "astro-ph.CO",
    reportNumber = "YITP-15-2",
    doi = "10.1088/0264-9381/32/17/175019",
    journal = "Class. Quant. Grav.",
    volume = "32",
    number = "17",
    pages = "175019",
    year = "2015"
}

@article{Bertacca:2017dzm,
      author         = "Bertacca, Daniele and Raccanelli, Alvise and Bartolo,
                        Nicola and Liguori, Michele and Matarrese, Sabino and
                        Verde, Licia",
      title          = "{Relativistic wide-angle galaxy bispectrum on the
                        light-cone}",
      journal        = "Phys. Rev.",
      volume         = "D97",
      year           = "2018",
      number         = "2",
      pages          = "023531",
      doi            = "10.1103/PhysRevD.97.023531",
      eprint         = "1705.09306",
      archivePrefix  = "arXiv",
      primaryClass   = "astro-ph.CO",
      SLACcitation   = "%%CITATION = ARXIV:1705.09306;%%"
}

@article{Beutler:2018vpe,
    author = "Beutler, Florian and Castorina, Emanuele and Zhang, Pierre",
    title = "{Interpreting measurements of the anisotropic galaxy power spectrum}",
    eprint = "1810.05051",
    archivePrefix = "arXiv",
    primaryClass = "astro-ph.CO",
    doi = "10.1088/1475-7516/2019/03/040",
    journal = "JCAP",
    volume = "03",
    pages = "040",
    year = "2019"
}

@article{Bharadwaj:2020wkc,
    author = "Bharadwaj, Somnath and Mazumdar, Arindam and Sarkar, Debanjan",
    title = "{Quantifying the Redshift Space Distortion of the Bispectrum I: Primordial Non-Gaussianity}",
    eprint = "2001.10243",
    archivePrefix = "arXiv",
    primaryClass = "astro-ph.CO",
    doi = "10.1093/mnras/staa279",
    journal = "Mon. Not. Roy. Astron. Soc.",
    volume = "493",
    number = "1",
    pages = "594--602",
    year = "2020"
}

@article{Blas:2011rf,
    author = "Blas, Diego and Lesgourgues, Julien and Tram, Thomas",
    title = "{The Cosmic Linear Anisotropy Solving System (CLASS) II: Approximation schemes}",
    eprint = "1104.2933",
    archivePrefix = "arXiv",
    primaryClass = "astro-ph.CO",
    reportNumber = "CERN-PH-TH-2011-082, LAPTH-010-11",
    doi = "10.1088/1475-7516/2011/07/034",
    journal = "JCAP",
    volume = "07",
    pages = "034",
    year = "2011"
}

@article{Bolejko:2012uj,
    author = "Bolejko, Krzysztof and Clarkson, Chris and Maartens, Roy and Bacon, David and Meures, Nikolai and Beynon, Emma",
    title = "{Antilensing: The Bright Side of Voids}",
    eprint = "1209.3142",
    archivePrefix = "arXiv",
    primaryClass = "astro-ph.CO",
    doi = "10.1103/PhysRevLett.110.021302",
    journal = "Phys. Rev. Lett.",
    volume = "110",
    number = "2",
    pages = "021302",
    year = "2013"
}

@article{Bojowald:2007hv,
    author = "Bojowald, Martin and Hossain, Golam Mortuza",
    title = "{Cosmological vector modes and quantum gravity effects}",
    eprint = "0709.0872",
    archivePrefix = "arXiv",
    primaryClass = "gr-qc",
    reportNumber = "IGPG-07-6-5",
    doi = "10.1088/0264-9381/24/18/015",
    journal = "Class. Quant. Grav.",
    volume = "24",
    pages = "4801--4816",
    year = "2007"
}

@article{Bonvin:2008ni,
    author = "Bonvin, Camille",
    title = "{Effect of Peculiar Motion in Weak Lensing}",
    eprint = "0810.0180",
    archivePrefix = "arXiv",
    primaryClass = "astro-ph",
    doi = "10.1103/PhysRevD.78.123530",
    journal = "Phys. Rev. D",
    volume = "78",
    pages = "123530",
    year = "2008"
}

@article{Bonvin:2011bg,
    author = "Bonvin, Camille and Durrer, Ruth",
    title = "{What galaxy surveys really measure}",
    eprint = "1105.5280",
    archivePrefix = "arXiv",
    primaryClass = "astro-ph.CO",
    doi = "10.1103/PhysRevD.84.063505",
    journal = "Phys. Rev. D",
    volume = "84",
    pages = "063505",
    year = "2011"
}

@article{Bonvin:2013ogt,
    author = "Bonvin, Camille and Hui, Lam and Gaztanaga, Enrique",
    title = "{Asymmetric galaxy correlation functions}",
    eprint = "1309.1321",
    archivePrefix = "arXiv",
    primaryClass = "astro-ph.CO",
    doi = "10.1103/PhysRevD.89.083535",
    journal = "Phys. Rev. D",
    volume = "89",
    number = "8",
    pages = "083535",
    year = "2014"
}

@article{Bonvin:2014owa,
    author = "Bonvin, Camille",
    title = "{Isolating relativistic effects in large-scale structure}",
    eprint = "1409.2224",
    archivePrefix = "arXiv",
    primaryClass = "astro-ph.CO",
    doi = "10.1088/0264-9381/31/23/234002",
    journal = "Class. Quant. Grav.",
    volume = "31",
    number = "23",
    pages = "234002",
    year = "2014"
}

@article{Bonvin:2015kuc,
    author = "Bonvin, Camille and Hui, Lam and Gaztanaga, Enrique",
    title = "{Optimising the measurement of relativistic distortions in large-scale structure}",
    eprint = "1512.03566",
    archivePrefix = "arXiv",
    primaryClass = "astro-ph.CO",
    reportNumber = "CERN-PH-TH-2015-220",
    doi = "10.1088/1475-7516/2016/08/021",
    journal = "JCAP",
    volume = "08",
    pages = "021",
    year = "2016"
}

@article{Bonvin:2018ckp,
    author = "Bonvin, Camille and Fleury, Pierre",
    title = "{Testing the equivalence principle on cosmological scales}",
    eprint = "1803.02771",
    archivePrefix = "arXiv",
    primaryClass = "astro-ph.CO",
    doi = "10.1088/1475-7516/2018/05/061",
    journal = "JCAP",
    volume = "05",
    pages = "061",
    year = "2018"
}

@article{Bruni:2011ta,
    author = "Bruni, Marco and Crittenden, Robert and Koyama, Kazuya and Maartens, Roy and Pitrou, Cyril and Wands, David",
    title = "{Disentangling non-Gaussianity, bias and GR effects in the galaxy distribution}",
    eprint = "1106.3999",
    archivePrefix = "arXiv",
    primaryClass = "astro-ph.CO",
    doi = "10.1103/PhysRevD.85.041301",
    journal = "Phys. Rev. D",
    volume = "85",
    pages = "041301",
    year = "2012"
}

@article{Bruni:2013qta,
    author = "Bruni, Marco and Hidalgo, Juan Carlos and Meures, Nikolai and Wands, David",
    title = "{Non-Gaussian Initial Conditions in \ensuremath{\Lambda}CDM: Newtonian, Relativistic, and Primordial Contributions}",
    eprint = "1307.1478",
    archivePrefix = "arXiv",
    primaryClass = "astro-ph.CO",
    doi = "10.1088/0004-637X/785/1/2",
    journal = "Astrophys. J.",
    volume = "785",
    pages = "2",
    year = "2014"
}

@article{Bull:2014rha,
    author = "Bull, Philip and Ferreira, Pedro G. and Patel, Prina and Santos, Mario G.",
    title = "{Late-time cosmology with 21cm intensity mapping experiments}",
    eprint = "1405.1452",
    archivePrefix = "arXiv",
    primaryClass = "astro-ph.CO",
    doi = "10.1088/0004-637X/803/1/21",
    journal = "Astrophys. J.",
    volume = "803",
    number = "1",
    pages = "21",
    year = "2015"
}

@article{Camera:2014sba,
    author = "Camera, Stefano and Maartens, Roy and Santos, Mario G.",
    title = "{Einstein's legacy in galaxy surveys}",
    eprint = "1412.4781",
    archivePrefix = "arXiv",
    primaryClass = "astro-ph.CO",
    doi = "10.1093/mnrasl/slv069",
    journal = "Mon. Not. Roy. Astron. Soc.",
    volume = "451",
    number = "1",
    pages = "L80--L84",
    year = "2015"
}

@article{Camera:2014bwa,
    author = "Camera, Stefano and Santos, Mario G. and Maartens, Roy",
    title = "{Probing primordial non-Gaussianity with SKA galaxy redshift surveys: a fully relativistic analysis}",
    eprint = "1409.8286",
    archivePrefix = "arXiv",
    primaryClass = "astro-ph.CO",
    doi = "10.1093/mnras/stv040",
    journal = "Mon. Not. Roy. Astron. Soc.",
    volume = "448",
    number = "2",
    pages = "1035--1043",
    year = "2015",
    note = "[Erratum: Mon.Not.Roy.Astron.Soc. 467, 1505--1506 (2017)]"
}

@article{Camera:2018jys,
    author = "Camera, Stefano and Fonseca, Jos\'e and Maartens, Roy and Santos, M\'ario G.",
    title = "{Optimized angular power spectra for spectroscopic galaxy surveys}",
    eprint = "1803.10773",
    archivePrefix = "arXiv",
    primaryClass = "astro-ph.CO",
    doi = "10.1093/mnras/sty2284",
    journal = "Mon. Not. Roy. Astron. Soc.",
    volume = "481",
    number = "1",
    pages = "1251--1261",
    year = "2018"
}

@article{Castorina:2016bfm,
    author = "Castorina, Emanuele and Villaescusa-Navarro, Francisco",
    title = "{On the spatial distribution of neutral hydrogen in the Universe: bias and shot-noise of the HI power spectrum}",
    eprint = "1609.05157",
    archivePrefix = "arXiv",
    primaryClass = "astro-ph.CO",
    doi = "10.1093/mnras/stx1599",
    journal = "Mon. Not. Roy. Astron. Soc.",
    volume = "471",
    number = "2",
    pages = "1788--1796",
    year = "2017"
}

@article{Castorina:2017inr,
    author = "Castorina, Emanuele and White, Martin",
    title = "{Beyond the plane-parallel approximation for redshift surveys}",
    eprint = "1709.09730",
    archivePrefix = "arXiv",
    primaryClass = "astro-ph.CO",
    doi = "10.1093/mnras/sty410",
    journal = "Mon. Not. Roy. Astron. Soc.",
    volume = "476",
    number = "4",
    pages = "4403--4417",
    year = "2018"
}

@article{Castorina:2020zhz,
    author = "Castorina, Emanuele and others",
    title = "{Packed Ultra-wideband Mapping Array (PUMA): Astro2020 RFI Response}",
    eprint = "2002.05072",
    archivePrefix = "arXiv",
    primaryClass = "astro-ph.IM",
    month = "2",
    year = "2020"
}

@article{Celoria:2018euj,
    author = "Celoria, Marco and Matarrese, Sabino",
    editor = "Coccia, E. and Silk, J. and Vittorio, N.",
    title = "{Primordial Non-Gaussianity}",
    eprint = "1812.08197",
    archivePrefix = "arXiv",
    primaryClass = "astro-ph.CO",
    doi = "10.3254/ENFI200009",
    journal = "Proc. Int. Sch. Phys. Fermi",
    volume = "200",
    pages = "179--215",
    year = "2020"
}

@article{Challinor:2011bk,
    author = "Challinor, Anthony and Lewis, Antony",
    title = "{The linear power spectrum of observed source number counts}",
    eprint = "1105.5292",
    archivePrefix = "arXiv",
    primaryClass = "astro-ph.CO",
    doi = "10.1103/PhysRevD.84.043516",
    journal = "Phys. Rev. D",
    volume = "84",
    pages = "043516",
    year = "2011"
}

@article{Chan:2016ehg,
    author = "Chan, Kwan Chuen and Blot, Linda",
    title = "{Assessment of the Information Content of the Power Spectrum and Bispectrum}",
    eprint = "1610.06585",
    archivePrefix = "arXiv",
    primaryClass = "astro-ph.CO",
    doi = "10.1103/PhysRevD.96.023528",
    journal = "Phys. Rev. D",
    volume = "96",
    number = "2",
    pages = "023528",
    year = "2017"
}

@article{Chen:2018qiu,
    author = "Chen, Shi-Fan and Castorina, Emanuele and White, Martin and Slosar, An\v{z}e",
    title = "{Synergies between radio, optical and microwave observations at high redshift}",
    eprint = "1810.00911",
    archivePrefix = "arXiv",
    primaryClass = "astro-ph.CO",
    doi = "10.1088/1475-7516/2019/07/023",
    journal = "JCAP",
    volume = "07",
    pages = "023",
    year = "2019"
}

@article{Child:2018klv,
    author = "Child, Hillary L. and Takada, Masahiro and Nishimichi, Takahiro and Sunayama, Tomomi and Slepian, Zachary and Habib, Salman and Heitmann, Katrin",
    title = "{Bispectrum as Baryon Acoustic Oscillation Interferometer}",
    eprint = "1806.11147",
    archivePrefix = "arXiv",
    primaryClass = "astro-ph.CO",
    doi = "10.1103/PhysRevD.98.123521",
    journal = "Phys. Rev. D",
    volume = "98",
    number = "12",
    pages = "123521",
    year = "2018"
}

@article{Chudaykin:2019ock,
    author = "Chudaykin, Anton and Ivanov, Mikhail M.",
    title = "{Measuring neutrino masses with large-scale structure: Euclid forecast with controlled theoretical error}",
    eprint = "1907.06666",
    archivePrefix = "arXiv",
    primaryClass = "astro-ph.CO",
    reportNumber = "INR-TH-2019-014",
    doi = "10.1088/1475-7516/2019/11/034",
    journal = "JCAP",
    volume = "11",
    pages = "034",
    year = "2019"
}

@article{Clarkson:2018dwn,
      author         = "Clarkson, Chris and de Weerd, Eline M. and Jolicoeur,
                        Sheean and Maartens, Roy and Umeh, Obinna",
      title          = "{The dipole of the galaxy bispectrum}",
      journal        = "Monthly Notices of the Royal Astronomical Society",
      volume         = "486",
      year           = "2019",
      number         = "1",
      pages          = "L101-L104",
      doi            = "10.1093/mnrasl/slz066",
      eprint         = "1812.09512",
      archivePrefix  = "arXiv",
      primaryClass   = "astro-ph.CO",
      SLACcitation   = "%%CITATION = ARXIV:1812.09512;%%"
}

@article{Cunnington:2020mnn,
    author = "Cunnington, Steven and Pourtsidou, Alkistis and Soares, Paula S. and Blake, Chris and Bacon, David",
    title = "{Multipole expansion for H i intensity mapping experiments: simulations and modelling}",
    eprint = "2002.05626",
    archivePrefix = "arXiv",
    primaryClass = "astro-ph.CO",
    doi = "10.1093/mnras/staa1524",
    journal = "Mon. Not. Roy. Astron. Soc.",
    volume = "496",
    number = "1",
    pages = "415--433",
    year = "2020"
}

@article{Dai:2013kra,
    author = "Dai, Liang and Jeong, Donghui and Kamionkowski, Marc",
    title = "{Anisotropic imprint of long-wavelength tensor perturbations on cosmic structure}",
    eprint = "1306.3985",
    archivePrefix = "arXiv",
    primaryClass = "astro-ph.CO",
    doi = "10.1103/PhysRevD.88.043507",
    journal = "Phys. Rev. D",
    volume = "88",
    number = "4",
    pages = "043507",
    year = "2013"
}

@article{Dalal:2007cu,
    author = "Dalal, Neal and Dore, Olivier and Huterer, Dragan and Shirokov, Alexander",
    title = "{The imprints of primordial non-gaussianities on large-scale structure: scale dependent bias and abundance of virialized objects}",
    eprint = "0710.4560",
    archivePrefix = "arXiv",
    primaryClass = "astro-ph",
    doi = "10.1103/PhysRevD.77.123514",
    journal = "Phys. Rev. D",
    volume = "77",
    pages = "123514",
    year = "2008"
}

@article{Dai:2015jaa,
    author = "Dai, Liang and Pajer, Enrico and Schmidt, Fabian",
    title = "{On Separate Universes}",
    eprint = "1504.00351",
    archivePrefix = "arXiv",
    primaryClass = "astro-ph.CO",
    doi = "10.1088/1475-7516/2015/10/059",
    journal = "JCAP",
    volume = "10",
    pages = "059",
    year = "2015"
}

@article{dePutter:2015vga,
    author = "de Putter, Roland and Dor\'e, Olivier and Green, Daniel",
    title = "{Is There Scale-Dependent Bias in Single-Field Inflation?}",
    eprint = "1504.05935",
    archivePrefix = "arXiv",
    primaryClass = "astro-ph.CO",
    doi = "10.1088/1475-7516/2015/10/024",
    journal = "JCAP",
    volume = "10",
    pages = "024",
    year = "2015"
}

@article{Desjacques:2016bnm,
    author = "Desjacques, Vincent and Jeong, Donghui and Schmidt, Fabian",
    title = "{Large-Scale Galaxy Bias}",
    eprint = "1611.09787",
    archivePrefix = "arXiv",
    primaryClass = "astro-ph.CO",
    doi = "10.1016/j.physrep.2017.12.002",
    journal = "Phys. Rept.",
    volume = "733",
    pages = "1--193",
    year = "2018"
}

@article{Desjacques:2018pfv,
    author = "Desjacques, Vincent and Jeong, Donghui and Schmidt, Fabian",
    title = "{The Galaxy Power Spectrum and Bispectrum in Redshift Space}",
    eprint = "1806.04015",
    archivePrefix = "arXiv",
    primaryClass = "astro-ph.CO",
    doi = "10.1088/1475-7516/2018/12/035",
    journal = "JCAP",
    volume = "12",
    pages = "035",
    year = "2018"
}

@article{deWeerd:2019cae,
    author = "de Weerd, Eline M. and Clarkson, Chris and Jolicoeur, Sheean and Maartens, Roy and Umeh, Obinna",
    title = "{Multipoles of the relativistic galaxy bispectrum}",
    eprint = "1912.11016",
    archivePrefix = "arXiv",
    primaryClass = "astro-ph.CO",
    doi = "10.1088/1475-7516/2020/05/018",
    journal = "JCAP",
    volume = "05",
    pages = "018",
    year = "2020"
}

@article{DiDio:2014lka,
    author = "Di Dio, Enea and Durrer, Ruth and Marozzi, Giovanni and Montanari, Francesco",
    title = "{Galaxy number counts to second order and their bispectrum}",
    eprint = "1407.0376",
    archivePrefix = "arXiv",
    primaryClass = "astro-ph.CO",
    doi = "10.1088/1475-7516/2014/12/017",
    journal = "JCAP",
    volume = "12",
    pages = "017",
    year = "2014",
    note = "[Erratum: JCAP 06, E01 (2015)]"
}

@article{DiDio:2015bua,
    author = "Di Dio, Enea and Durrer, Ruth and Marozzi, Giovanni and Montanari, Francesco",
    title = "{The bispectrum of relativistic galaxy number counts}",
    eprint = "1510.04202",
    archivePrefix = "arXiv",
    primaryClass = "astro-ph.CO",
    reportNumber = "HIP-2015-34-TH",
    doi = "10.1088/1475-7516/2016/01/016",
    journal = "JCAP",
    volume = "01",
    pages = "016",
    year = "2016"
}

@article{DiDio:2016gpd,
    author         = "Di Dio, E. and Perrier, H. and Durrer, R. and Marozzi, G.
                    and Moradinezhad Dizgah, A. and Noreña, J. and Riotto,
                    A.",
    title          = "{Non-Gaussianities due to Relativistic Corrections to the
                    Observed Galaxy Bispectrum}",
    journal        = "JCAP",
    volume         = "1703",
    year           = "2017",
    number         = "03",
    pages          = "006",
    doi            = "10.1088/1475-7516/2017/03/006",
    eprint         = "1611.03720",
    archivePrefix  = "arXiv",
    primaryClass   = "astro-ph.CO",
    SLACcitation   = "%%CITATION = ARXIV:1611.03720;%%"
}

@article{DiDio:2018zmk,
    author = "Di Dio, Enea and Seljak, Uro\v{s}",
    title = "{The relativistic dipole and gravitational redshift on LSS}",
    eprint = "1811.03054",
    archivePrefix = "arXiv",
    primaryClass = "astro-ph.CO",
    doi = "10.1088/1475-7516/2019/04/050",
    journal = "JCAP",
    volume = "04",
    pages = "050",
    year = "2019"
}

@article{DiDio:2018unb,
    author = "Di Dio, Enea and Durrer, Ruth and Maartens, Roy and Montanari, Francesco and Umeh, Obinna",
    title = "{The Full-Sky Angular Bispectrum in Redshift Space}",
    eprint = "1812.09297",
    archivePrefix = "arXiv",
    primaryClass = "astro-ph.CO",
    reportNumber = "IFT-UAM/CSIC-18-134, HIP-2018-38/TH",
    doi = "10.1088/1475-7516/2019/04/053",
    journal = "JCAP",
    volume = "04",
    pages = "053",
    year = "2019"
}

@article{Durrer:2020orn,
    author = "Durrer, Ruth and Jalilvand, Mona and Kothari, Rahul and Maartens, Roy and Montanari, Francesco",
    title = "{Full-sky bispectrum in redshift space for 21cm intensity maps}",
    eprint = "2008.02266",
    archivePrefix = "arXiv",
    primaryClass = "astro-ph.CO",
    doi = "10.1088/1475-7516/2020/12/003",
    journal = "JCAP",
    volume = "12",
    pages = "003",
    year = "2020"
}

@article{Fonseca:2015laa,
    author = "Fonseca, Jos\'e and Camera, Stefano and Santos, M\'ario and Maartens, Roy",
    title = "{Hunting down horizon-scale effects with multi-wavelength surveys}",
    eprint = "1507.04605",
    archivePrefix = "arXiv",
    primaryClass = "astro-ph.CO",
    doi = "10.1088/2041-8205/812/2/L22",
    journal = "Astrophys. J. Lett.",
    volume = "812",
    number = "2",
    pages = "L22",
    year = "2015"
}

@article{Fonseca:2016xvi,
    author = "Fonseca, Jos\'e and Maartens, Roy and Santos, M\'ario G.",
    title = "{Probing the primordial Universe with MeerKAT and DES}",
    eprint = "1611.01322",
    archivePrefix = "arXiv",
    primaryClass = "astro-ph.CO",
    doi = "10.1093/mnras/stw3248",
    journal = "Mon. Not. Roy. Astron. Soc.",
    volume = "466",
    number = "3",
    pages = "2780--2786",
    year = "2017"
}

@article{Fonseca:2018hsu,
    author = "Fonseca, Jos\'e and Maartens, Roy and Santos, M\'ario G.",
    title = "{Synergies between intensity maps of hydrogen lines}",
    eprint = "1803.07077",
    archivePrefix = "arXiv",
    primaryClass = "astro-ph.CO",
    doi = "10.1093/mnras/sty1702",
    journal = "Mon. Not. Roy. Astron. Soc.",
    volume = "479",
    number = "3",
    pages = "3490--3497",
    year = "2018"
}

@article{Fonseca:2019qek,
    author = "Fonseca, Jos\'e and Viljoen, Jan-Albert and Maartens, Roy",
    title = "{Constraints on the growth rate using the observed galaxy power spectrum}",
    eprint = "1907.02975",
    archivePrefix = "arXiv",
    primaryClass = "astro-ph.CO",
    doi = "10.1088/1475-7516/2019/12/028",
    journal = "JCAP",
    volume = "12",
    pages = "028",
    year = "2019"
}

@article{Gagrani:2016rfy,
    author = "Gagrani, Praful and Samushia, Lado",
    title = "{Information Content of the Angular Multipoles of Redshift-Space Galaxy Bispectrum}",
    eprint = "1610.03488",
    archivePrefix = "arXiv",
    primaryClass = "astro-ph.CO",
    doi = "10.1093/mnras/stx135",
    journal = "Mon. Not. Roy. Astron. Soc.",
    volume = "467",
    number = "1",
    pages = "928--935",
    year = "2017"
}

@article{Gaztanaga:2015jrs,
    author = "Gaztanaga, Enrique and Bonvin, Camille and Hui, Lam",
    title = "{Measurement of the dipole in the cross-correlation function of galaxies}",
    eprint = "1512.03918",
    archivePrefix = "arXiv",
    primaryClass = "astro-ph.CO",
    reportNumber = "CERN-PH-TH-2015-221",
    doi = "10.1088/1475-7516/2017/01/032",
    journal = "JCAP",
    volume = "01",
    pages = "032",
    year = "2017"
}

@article{Ghosh:2017woo,
    author = "Ghosh, Abhik and Mertens, Florent and Koopmans, Leon V. E.",
    title = "{Deconvolving the wedge: maximum-likelihood power spectra via spherical-wave visibility modelling}",
    eprint = "1709.06752",
    archivePrefix = "arXiv",
    primaryClass = "astro-ph.CO",
    doi = "10.1093/mnras/stx2959",
    journal = "Mon. Not. Roy. Astron. Soc.",
    volume = "474",
    number = "4",
    pages = "4552--4563",
    year = "2018"
}

@article{Giannantonio:2009,
    author = "Giannantonio, Tommaso and Porciani, Cristiano",
    title = "{Structure formation from non-Gaussian initial conditions: multivariate biasing, statistics, and comparison with N-body simulations}",
    eprint = "0911.0017",
    archivePrefix = "arXiv",
    primaryClass = "astro-ph.CO",
    doi = "10.1103/PhysRevD.81.063530",
    journal = "Phys. Rev. D",
    volume = "81",
    pages = "063530",
    year = "2010"
}

@article{Gil-Marin:2016wya,
    author = "Gil-Marín, Héctor and Percival, Will J. and Verde, Licia and Brownstein, Joel R. and Chuang, Chia-Hsun and Kitaura, Francisco-Shu and Rodríguez-Torres, Sergio A. and Olmstead, Matthew D.",
    title = "{The clustering of galaxies in the SDSS-III Baryon Oscillation Spectroscopic Survey: RSD measurement from the power spectrum and bispectrum of the DR12 BOSS galaxies}",
    eprint = "1606.00439",
    archivePrefix = "arXiv",
    primaryClass = "astro-ph.CO",
    doi = "10.1093/mnras/stw2679",
    journal = "Mon. Not. Roy. Astron. Soc.",
    volume = "465",
    number = "2",
    pages = "1757--1788",
    year = "2017"
}

@article{Grimm:2020ays,
    author = "Grimm, Nastassia and Scaccabarozzi, Fulvio and Yoo, Jaiyul and Biern, Sang Gyu and Gong, Jinn-Ouk",
    title = "{Galaxy Power Spectrum in General Relativity}",
    eprint = "2005.06484",
    archivePrefix = "arXiv",
    primaryClass = "astro-ph.CO",
    doi = "10.1088/1475-7516/2020/11/064",
    journal = "JCAP",
    volume = "11",
    pages = "064",
    year = "2020"
}

@article{Gualdi:2019ybt,
    author = "Gualdi, Davide and Gil-Mar\'\i{}n, H\'ector and Manera, Marc and Joachimi, Benjamin and Lahav, Ofer",
    title = "{Geometrical compression: a new method to enhance the BOSS galaxy bispectrum monopole constraints}",
    eprint = "1901.00987",
    archivePrefix = "arXiv",
    primaryClass = "astro-ph.CO",
    doi = "10.1093/mnrasl/sly242",
    journal = "Mon. Not. Roy. Astron. Soc.",
    volume = "484",
    number = "1",
    pages = "L29--L34",
    year = "2019"
}

@article{Guth:1980zm,
    author = "Guth, Alan H.",
    editor = "Fang, Li-Zhi and Ruffini, R.",
    title = "{The Inflationary Universe: A Possible Solution to the Horizon and Flatness Problems}",
    reportNumber = "SLAC-PUB-2576",
    doi = "10.1103/PhysRevD.23.347",
    journal = "Phys. Rev. D",
    volume = "23",
    pages = "347--356",
    year = "1981"
}

@article{Hall:2012wd,
    author = "Hall, Alex and Bonvin, Camille and Challinor, Anthony",
    title = "{Testing General Relativity with 21-cm intensity mapping}",
    eprint = "1212.0728",
    archivePrefix = "arXiv",
    primaryClass = "astro-ph.CO",
    doi = "10.1103/PhysRevD.87.064026",
    journal = "Phys. Rev. D",
    volume = "87",
    number = "6",
    pages = "064026",
    year = "2013"
}

@article{Hall:2016bmm,
    author = "Hall, Alex and Bonvin, Camille",
    title = "{Measuring cosmic velocities with 21 cm intensity mapping and galaxy redshift survey cross-correlation dipoles}",
    eprint = "1609.09252",
    archivePrefix = "arXiv",
    primaryClass = "astro-ph.CO",
    doi = "10.1103/PhysRevD.95.043530",
    journal = "Phys. Rev. D",
    volume = "95",
    number = "4",
    pages = "043530",
    year = "2017"
}

@article{Hamilton:1992zz,
    author = "Hamilton, A. J. S.",
    title = "{Measuring Omega and the real correlation function from the redshift correlation function}",
    doi = "10.1086/186264",
    journal = "Astrophys. J. Lett.",
    volume = "385",
    pages = "L5--L8",
    year = "1992"
}

@article{Hwang:2012aa,
    author = "Hwang, Jai-chan and Noh, Hyerim",
    title = "{Fully nonlinear and exact perturbations of the Friedmann world model}",
    eprint = "1207.0264",
    archivePrefix = "arXiv",
    primaryClass = "astro-ph.CO",
    doi = "10.1093/mnras/stt978",
    journal = "Mon. Not. Roy. Astron. Soc.",
    volume = "433",
    pages = "3472",
    year = "2013"
}

@article{Hwang:2017oxa,
    author = "Hwang, Jai-Chan and Jeong, Donghui and Noh, Hyerim",
    title = "{Gauge dependence of gravitational waves generated from scalar perturbations}",
    eprint = "1704.03500",
    archivePrefix = "arXiv",
    primaryClass = "astro-ph.CO",
    doi = "10.3847/1538-4357/aa74be",
    journal = "Astrophys. J.",
    volume = "842",
    number = "1",
    pages = "46",
    year = "2017"
}

@article{Irsic:2015nla,
    author = "Iršič, Vid and Di Dio, Enea and Viel, Matteo",
    title = "{Relativistic effects in Lyman-$\alpha$ forest}",
    eprint = "1510.03436",
    archivePrefix = "arXiv",
    primaryClass = "astro-ph.CO",
    doi = "10.1088/1475-7516/2016/02/051",
    journal = "JCAP",
    volume = "02",
    pages = "051",
    year = "2016"
}

@article{Jeong:2009vd,
      author         = "Jeong, Donghui and Komatsu, Eiichiro",
      title          = "{Primordial non-Gaussianity, scale-dependent bias, and
                        the bispectrum of galaxies}",
      journal        = "Astrophys. J.",
      volume         = "703",
      year           = "2009",
      pages          = "1230-1248",
      doi            = "10.1088/0004-637X/703/2/1230",
      eprint         = "0904.0497",
      archivePrefix  = "arXiv",
      primaryClass   = "astro-ph.CO",
      reportNumber   = "TCC-015-09",
      SLACcitation   = "%%CITATION = ARXIV:0904.0497;%%"

}

@article{Jalivand:2018vfz,
    author = "Jalilvand, Mona and Majerotto, Elisabetta and Durrer, Ruth and Kunz, Martin",
    title = "{Intensity mapping of the 21 cm emission: lensing}",
    eprint = "1807.01351",
    archivePrefix = "arXiv",
    primaryClass = "astro-ph.CO",
    doi = "10.1088/1475-7516/2019/01/020",
    journal = "JCAP",
    volume = "01",
    pages = "020",
    year = "2019"
}

@article{Jalilvand:2019bhk,
    author = "Jalilvand, Mona and Majerotto, Elisabetta and Bonvin, Camille and Lacasa, Fabien and Kunz, Martin and Naidoo, Warren and Moodley, Kavilan",
    title = "{New Estimator for Gravitational Lensing Using Galaxy and Intensity Mapping Surveys}",
    eprint = "1907.00071",
    archivePrefix = "arXiv",
    primaryClass = "astro-ph.CO",
    doi = "10.1103/PhysRevLett.124.031101",
    journal = "Phys. Rev. Lett.",
    volume = "124",
    number = "3",
    pages = "031101",
    year = "2020"
}

@article{Jeong:2011as,
   title={Large-scale clustering of galaxies in general relativity},
   volume={85},
   ISSN={1550-2368},
   url={http://dx.doi.org/10.1103/PhysRevD.85.023504},
   DOI={10.1103/physrevd.85.023504},
   number={2},
   journal={Physical Review D},
   publisher={American Physical Society (APS)},
   author={Jeong, Donghui and Schmidt, Fabian and Hirata, Christopher M.},
   year={2012},
   month={Jan}
}

@article{Jeong:2019igb,
    author = "Jeong, Donghui and Schmidt, Fabian",
    title = "{Parity-odd galaxy bispectrum}",
    eprint = "1906.05198",
    archivePrefix = "arXiv",
    primaryClass = "astro-ph.CO",
    doi = "10.1103/PhysRevD.102.023530",
    journal = "Phys. Rev. D",
    volume = "102",
    number = "2",
    pages = "023530",
    year = "2020"
}

@article{Jolicoeur:2017nyt,
    author = "Jolicoeur, Sheean and Umeh, Obinna and Maartens, Roy and Clarkson, Chris",
    title = "{Imprints of local lightcone \textbackslash{} projection effects on the galaxy bispectrum. Part II}",
    eprint = "1703.09630",
    archivePrefix = "arXiv",
    primaryClass = "astro-ph.CO",
    doi = "10.1088/1475-7516/2017/09/040",
    journal = "JCAP",
    volume = "09",
    pages = "040",
    year = "2017"
}

@article{Jolicoeur:2018blf,
    author = "Jolicoeur, Sheean and Allahyari, Alireza and Clarkson, Chris and Larena, Julien and Umeh, Obinna and Maartens, Roy",
    title = "{Imprints of local lightcone projection effects on the galaxy bispectrum IV: Second-order vector and tensor contributions}",
    eprint = "1811.05458",
    archivePrefix = "arXiv",
    primaryClass = "astro-ph.CO",
    doi = "10.1088/1475-7516/2019/03/004",
    journal = "JCAP",
    volume = "03",
    pages = "004",
    year = "2019"
}

@article{Jolicoeur:2017eyi,
    author = "Jolicoeur, Sheean and Umeh, Obinna and Maartens, Roy and Clarkson, Chris",
    title = "{Imprints of local lightcone projection effects on the galaxy bispectrum. Part III. Relativistic corrections from nonlinear dynamical evolution on large-scales}",
    eprint = "1711.01812",
    archivePrefix = "arXiv",
    primaryClass = "astro-ph.CO",
    doi = "10.1088/1475-7516/2018/03/036",
    journal = "JCAP",
    volume = "03",
    pages = "036",
    year = "2018"
}

@article{Jolicoeur:2020eup,
    author = "Jolicoeur, Sheean and Maartens, Roy and De Weerd, Eline M. and Umeh, Obinna and Clarkson, Chris and Camera, Stefano",
    title = "{Detecting the relativistic bispectrum in 21cm intensity maps}",
    eprint = "2009.06197",
    archivePrefix = "arXiv",
    primaryClass = "astro-ph.CO",
    month = "9",
    year = "2020"
}

@article{Kaiser:1987qv,
    author = "Kaiser, N.",
    title = "{Clustering in real space and in redshift space}",
    journal = "Mon. Not. Roy. Astron. Soc.",
    volume = "227",
    pages = "1--27",
    year = "1987"
}

@article{Karagiannis:2018jdt,
   title={Constraining primordial non-Gaussianity with bispectrum and power spectrum from upcoming optical and radio surveys},
   volume={478},
   ISSN={1365-2966},
   url={http://dx.doi.org/10.1093/mnras/sty1029},
   DOI={10.1093/mnras/sty1029},
   number={1},
   journal={Monthly Notices of the Royal Astronomical Society},
   publisher={Oxford University Press (OUP)},
   author={Karagiannis, Dionysios and Lazanu, Andrei and Liguori, Michele and Raccanelli, Alvise and Bartolo, Nicola and Verde, Licia},
   year={2018},
   month={Apr},
   pages={1341–1376}
}

@article{Karagiannis:2019jjx,
    author = "Karagiannis, Dionysios and Slosar, An\v{z}e and Liguori, Michele",
    title = "{Forecasts on Primordial non-Gaussianity from 21 cm Intensity Mapping experiments}",
    eprint = "1911.03964",
    archivePrefix = "arXiv",
    primaryClass = "astro-ph.CO",
    doi = "10.1088/1475-7516/2020/11/052",
    journal = "JCAP",
    volume = "11",
    pages = "052",
    year = "2020"
}


@article{Karagiannis:2020dpq,
    author = "Karagiannis, Dionysios and Fonseca, Jos\'e and Maartens, Roy and Camera, Stefano",
    title = "{Probing primordial non-Gaussianity with the bispectrum of future 21cm intensity maps}",
    eprint = "2010.07034",
    archivePrefix = "arXiv",
    primaryClass = "astro-ph.CO",
    month = "10",
    year = "2020"
}

@article{Kehagias:2015tda,
    author = "Kehagias, A. and Moradinezhad Dizgah, A. and Nore\~na, J. and Perrier, H. and Riotto, A.",
    title = "{A Consistency Relation for the Observed Galaxy Bispectrum and the Local non-Gaussianity from Relativistic Corrections}",
    eprint = "1503.04467",
    archivePrefix = "arXiv",
    primaryClass = "astro-ph.CO",
    doi = "10.1088/1475-7516/2015/08/018",
    journal = "JCAP",
    volume = "08",
    pages = "018",
    year = "2015"
}

@article{Kitayama:1996ne,
    author = "Kitayama, Tetsu and Suto, Yasushi",
    title = "{Semianalytical predictions for statistical properties of x-ray clusters of galaxies in cold dark matter universes}",
    eprint = "astro-ph/9604141",
    archivePrefix = "arXiv",
    reportNumber = "RESCEU-10-96, UTAP-229-96",
    doi = "10.1086/177797",
    journal = "Astrophys. J.",
    volume = "469",
    pages = "480",
    year = "1996"
}

@article{Koyama:2018ttg,
    author = "Koyama, Kazuya and Umeh, Obinna and Maartens, Roy and Bertacca, Daniele",
    title = "{The observed galaxy bispectrum from single-field inflation in the squeezed limit}",
    eprint = "1805.09189",
    archivePrefix = "arXiv",
    primaryClass = "astro-ph.CO",
    doi = "10.1088/1475-7516/2018/07/050",
    journal = "JCAP",
    volume = "07",
    pages = "050",
    year = "2018"
}

@article{Lepori:2017twd,
    author = "Lepori, Francesca and Di Dio, Enea and Villa, Eleonora and Viel, Matteo",
    title = "{Optimal galaxy survey for detecting the dipole in the cross-correlation with 21 cm Intensity Mapping}",
    eprint = "1709.03523",
    archivePrefix = "arXiv",
    primaryClass = "astro-ph.CO",
    doi = "10.1088/1475-7516/2018/05/043",
    journal = "JCAP",
    volume = "05",
    pages = "043",
    year = "2018"
}

@article{Lepori:2019cqp,
    author = "Lepori, Francesca and Iršič, Vid and Di Dio, Enea and Viel, Matteo",
    title = "{The impact of relativistic effects on the 3D Quasar-Lyman-$\alpha$ cross-correlation}",
    eprint = "1910.06305",
    archivePrefix = "arXiv",
    primaryClass = "astro-ph.CO",
    doi = "10.1088/1475-7516/2020/04/006",
    journal = "JCAP",
    volume = "04",
    pages = "006",
    year = "2020"
}

@article{Lewis:1999bs,
    author = "Lewis, Antony and Challinor, Anthony and Lasenby, Anthony",
    title = "{Efficient computation of CMB anisotropies in closed FRW models}",
    eprint = "astro-ph/9911177",
    archivePrefix = "arXiv",
    doi = "10.1086/309179",
    journal = "Astrophys. J.",
    volume = "538",
    pages = "473--476",
    year = "2000"
}

@article{Liguori:2010hx,
    author = "Liguori, Michele and Sefusatti, Emiliano and Fergusson, James R. and Shellard, E. P. S.",
    title = "{Primordial non-Gaussianity and Bispectrum Measurements in the Cosmic Microwave Background and Large-Scale Structure}",
    eprint = "1001.4707",
    archivePrefix = "arXiv",
    primaryClass = "astro-ph.CO",
    doi = "10.1155/2010/980523",
    journal = "Adv. Astron.",
    volume = "2010",
    pages = "980523",
    year = "2010"
}

@article{Linde:1981mu,
    author = "Linde, Andrei D.",
    editor = "Fang, Li-Zhi and Ruffini, R.",
    title = "{A New Inflationary Universe Scenario: A Possible Solution of the Horizon, Flatness, Homogeneity, Isotropy and Primordial Monopole Problems}",
    reportNumber = "LEBEDEV-81-229",
    doi = "10.1016/0370-2693(82)91219-9",
    journal = "Phys. Lett. B",
    volume = "108",
    pages = "389--393",
    year = "1982"
}

@article{LopezHonorez:2011cy,
    author = "Lopez-Honorez, L. and Mena, O. and Rigolin, S.",
    title = "{Biases on cosmological parameters by general relativity effects}",
    eprint = "1109.5117",
    archivePrefix = "arXiv",
    primaryClass = "astro-ph.CO",
    reportNumber = "DFPD-11-TH-13, IFIC-11-51, ULB-TH-11-24",
    doi = "10.1103/PhysRevD.85.023511",
    journal = "Phys. Rev. D",
    volume = "85",
    pages = "023511",
    year = "2012"
}

@article{Lorenz:2017iez,
    author = "Lorenz, Christiane S. and Alonso, David and Ferreira, Pedro G.",
    title = "{Impact of relativistic effects on cosmological parameter estimation}",
    eprint = "1710.02477",
    archivePrefix = "arXiv",
    primaryClass = "astro-ph.CO",
    doi = "10.1103/PhysRevD.97.023537",
    journal = "Phys. Rev. D",
    volume = "97",
    number = "2",
    pages = "023537",
    year = "2018"
}

@article{Lu:2007cj,
    author = "Lu, Teresa Hui-Ching and Ananda, Kishore and Clarkson, Chris",
    title = "{Vector modes generated by primordial density fluctuations}",
    eprint = "0709.1619",
    archivePrefix = "arXiv",
    primaryClass = "astro-ph",
    doi = "10.1103/PhysRevD.77.043523",
    journal = "Phys. Rev. D",
    volume = "77",
    pages = "043523",
    year = "2008"
}

@article{Lu:2008ju,
    author = "Lu, Teresa Hui-Ching and Ananda, Kishore and Clarkson, Christopher and Maartens, Roy",
    title = "{The cosmological background of vector modes}",
    eprint = "0812.1349",
    archivePrefix = "arXiv",
    primaryClass = "astro-ph",
    doi = "10.1088/1475-7516/2009/02/023",
    journal = "JCAP",
    volume = "02",
    pages = "023",
    year = "2009"
}

@article{Maartens:2019yhx,
   title={Detecting the relativistic galaxy bispectrum},
   volume={2020},
   ISSN={1475-7516},
   url={http://dx.doi.org/10.1088/1475-7516/2020/03/065},
   DOI={10.1088/1475-7516/2020/03/065},
   number={03},
   journal={JCAP},
   publisher={IOP Publishing},
   author={Maartens, Roy and Jolicoeur, Sheean and Umeh, Obinna and De Weerd, Eline M. and Clarkson, Chris and Camera, Stefano},
   year={2020},
   month={Mar},
   pages={065–065}
}

@article{Majumdar:2017tdm,
    author = "Majumdar, Suman and Pritchard, Jonathan R. and Mondal, Rajesh and Watkinson, Catherine A. and Bharadwaj, Somnath and Mellema, Garrelt",
    title = "{Quantifying the non-Gaussianity in the EoR 21-cm signal through bispectrum}",
    eprint = "1708.08458",
    archivePrefix = "arXiv",
    primaryClass = "astro-ph.CO",
    doi = "10.1093/mnras/sty535",
    journal = "Mon. Not. Roy. Astron. Soc.",
    volume = "476",
    number = "3",
    pages = "4007--4024",
    year = "2018"
}

@article{Malik:2008im,
    author = "Malik, Karim A. and Wands, David",
    title = "{Cosmological perturbations}",
    eprint = "0809.4944",
    archivePrefix = "arXiv",
    primaryClass = "astro-ph",
    doi = "10.1016/j.physrep.2009.03.001",
    journal = "Phys. Rept.",
    volume = "475",
    pages = "1--51",
    year = "2009"
}

@article{Matarrese:1997ay,
    author = "Matarrese, Sabino and Mollerach, Silvia and Bruni, Marco",
    title = "{Second order perturbations of the Einstein-de Sitter universe}",
    eprint = "astro-ph/9707278",
    archivePrefix = "arXiv",
    reportNumber = "SISSA-83-97-A",
    doi = "10.1103/PhysRevD.58.043504",
    journal = "Phys. Rev. D",
    volume = "58",
    pages = "043504",
    year = "1998"
}

@article{Matarrese:1993zf,
    author = "Matarrese, Sabino and Pantano, Ornella and Saez, Diego",
    title = "{General relativistic dynamics of irrotational dust: Cosmological implications}",
    eprint = "astro-ph/9310036",
    archivePrefix = "arXiv",
    reportNumber = "DFPD-93-A-67",
    doi = "10.1103/PhysRevLett.72.320",
    journal = "Phys. Rev. Lett.",
    volume = "72",
    pages = "320--323",
    year = "1994"
}

@article{Matarrese:2008nc,
    author = "Matarrese, Sabino and Verde, Licia",
    title = "{The effect of primordial non-Gaussianity on halo bias}",
    eprint = "0801.4826",
    archivePrefix = "arXiv",
    primaryClass = "astro-ph",
    doi = "10.1086/587840",
    journal = "Astrophys. J. Lett.",
    volume = "677",
    pages = "L77--L80",
    year = "2008"
}


@article{Matarrese:2020why,
    author = "Matarrese, Sabino and Pilo, Luigi and Rollo, Rocco",
    title = "{Resilience of long modes in cosmological observables}",
    eprint = "2007.08877",
    archivePrefix = "arXiv",
    primaryClass = "astro-ph.CO",
    doi = "10.1088/1475-7516/2021/01/062",
    journal = "JCAP",
    volume = "01",
    pages = "062",
    year = "2021"
}

@article{Matsubara:1999du,
    author = "Matsubara, Takahiko",
    title = "{The Correlation function in redshift space: General formula with wide angle effects and cosmological distortions}",
    eprint = "astro-ph/9908056",
    archivePrefix = "arXiv",
    reportNumber = "UTAP-341, RESCEU-29-99",
    doi = "10.1086/308827",
    journal = "Astrophys. J.",
    volume = "535",
    pages = "1",
    year = "2000"
}



@article{McDonald:2009dh,
    author = "McDonald, Patrick",
    title = "{Gravitational redshift and other redshift-space distortions of the imaginary part of the power spectrum}",
    eprint = "0907.5220",
    archivePrefix = "arXiv",
    primaryClass = "astro-ph.CO",
    doi = "10.1088/1475-7516/2009/11/026",
    journal = "JCAP",
    volume = "11",
    pages = "026",
    year = "2009"
}

@article{Modi:2019hnu,
    author = "Modi, Chirag and White, Martin and Slosar, Anze and Castorina, Emanuele",
    title = "{Reconstructing large-scale structure with neutral hydrogen surveys}",
    eprint = "1907.02330",
    archivePrefix = "arXiv",
    primaryClass = "astro-ph.CO",
    doi = "10.1088/1475-7516/2019/11/023",
    journal = "JCAP",
    volume = "11",
    pages = "023",
    year = "2019"
}

@article{Mollerach:1997up,
    author = "Mollerach, Silvia and Matarrese, Sabino",
    title = "{Cosmic microwave background anisotropies from second order gravitational perturbations}",
    eprint = "astro-ph/9702234",
    archivePrefix = "arXiv",
    doi = "10.1103/PhysRevD.56.4494",
    journal = "Phys. Rev. D",
    volume = "56",
    pages = "4494--4502",
    year = "1997"
}

@article{Mollerach:2003nq,
    author = "Mollerach, Silvia and Harari, Diego and Matarrese, Sabino",
    title = "{CMB polarization from secondary vector and tensor modes}",
    eprint = "astro-ph/0310711",
    archivePrefix = "arXiv",
    doi = "10.1103/PhysRevD.69.063002",
    journal = "Phys. Rev. D",
    volume = "69",
    pages = "063002",
    year = "2004"
}

@article{Montanari:2020uez,
    author = "Montanari, Francesco and Camera, Stefano",
    title = "{Speeding up the detectability of the harmonic-space galaxy bispectrum}",
    eprint = "2008.11131",
    archivePrefix = "arXiv",
    primaryClass = "astro-ph.CO",
    reportNumber = "IFT-UAM/CSIC-20-188",
    doi = "10.1088/1475-7516/2021/01/002",
    journal = "JCAP",
    volume = "01",
    pages = "002",
    year = "2021"
}

@article{MoradinezhadDizgah:2020whw,
    author = "Moradinezhad Dizgah, Azadeh and Biagetti, Matteo and Sefusatti, Emiliano and Desjacques, Vincent and Nore\~na, Jorge",
    title = "{Primordial Non-Gaussianity from Biased Tracers: Likelihood Analysis of Real-Space Power Spectrum and Bispectrum}",
    eprint = "2010.14523",
    archivePrefix = "arXiv",
    primaryClass = "astro-ph.CO",
    month = "10",
    year = "2020"
}

@article{Nan:2017oaq,
    author = "Nan, Yue and Yamamoto, Kazuhiro and Hikage, Chiaki",
    title = "{Higher multipoles of the galaxy bispectrum in redshift space}",
    eprint = "1706.03515",
    archivePrefix = "arXiv",
    primaryClass = "astro-ph.CO",
    reportNumber = "HUPD-1704",
    doi = "10.1088/1475-7516/2018/07/038",
    journal = "JCAP",
    volume = "07",
    pages = "038",
    year = "2018"
}

@article{Noh:2004bc,
    author = "Noh, Hyerim and Hwang, Jai-chan",
    title = "{Second-order perturbations of the Friedmann world model}",
    doi = "10.1103/PhysRevD.69.104011",
    journal = "Phys. Rev. D",
    volume = "69",
    pages = "104011",
    year = "2004"
}

@article{Nori:2015fpa,
    author = "Nori, M. and Giroletti, M. and Massaro, F. and D'Abrusco, R. and Paggi, A. and Tosti, G. and Funk, S.",
    title = "{Unveiling the nature of the unidentified gamma-ray sources VI: gamma-ray blazar candidates in the WISH survey and their radio properties}",
    eprint = "1503.03067",
    archivePrefix = "arXiv",
    primaryClass = "astro-ph.HE",
    doi = "10.1088/0067-0049/212/1/3",
    journal = "Astrophys. J. Suppl.",
    volume = "212",
    pages = "3",
    year = "2014"
}

@article{Obuljen:2017jiy,
    author = "Obuljen, Andrej and Castorina, Emanuele and Villaescusa-Navarro, Francisco and Viel, Matteo",
    title = "{High-redshift post-reionization cosmology with 21cm intensity mapping}",
    eprint = "1709.07893",
    archivePrefix = "arXiv",
    primaryClass = "astro-ph.CO",
    doi = "10.1088/1475-7516/2018/05/004",
    journal = "JCAP",
    volume = "05",
    pages = "004",
    year = "2018"
}

@article{Oddo:2019run,
    author = "Oddo, Andrea and Sefusatti, Emiliano and Porciani, Cristiano and Monaco, Pierluigi and S\'anchez, Ariel G.",
    title = "{Toward a robust inference method for the galaxy bispectrum: likelihood function and model selection}",
    eprint = "1908.01774",
    archivePrefix = "arXiv",
    primaryClass = "astro-ph.CO",
    doi = "10.1088/1475-7516/2020/03/056",
    journal = "JCAP",
    volume = "03",
    pages = "056",
    year = "2020"
}

@article{Okoli:2016vmd,
    author = "Okoli, Chiamaka and Scrimgeour, Morag I. and Afshordi, Niayesh and Hudson, Michael J.",
    title = "{Dynamical friction in the primordial neutrino sea}",
    eprint = "1611.04589",
    archivePrefix = "arXiv",
    primaryClass = "astro-ph.CO",
    doi = "10.1093/mnras/stx560",
    journal = "Mon. Not. Roy. Astron. Soc.",
    volume = "468",
    number = "2",
    pages = "2164--2175",
    year = "2017"
}

@article{Osano:2015pea,
    author = "Osano, Bob",
    title = "{Second Order perturbation Theory: A covariant approach involving a barotropic equation of state}",
    eprint = "1504.01495",
    archivePrefix = "arXiv",
    primaryClass = "gr-qc",
    doi = "10.1088/1361-6382/aa6e32",
    journal = "Class. Quant. Grav.",
    volume = "34",
    number = "12",
    pages = "125004",
    year = "2017"
}

@article{Pan:2019dxa,
      author         = "Pan, Hengxing and Obreschkow, Danail and Howlett, Cullan
                        and Lagos, Claudia del P. and Elahi, Pascal J. and Baugh,
                        Carlton and Gonzalez-Perez, Violeta",
      title          = "{Multi-wavelength consensus of large-scale linear bias}",
      year           = "2019",
      eprint         = "1909.12069",
      archivePrefix  = "arXiv",
      primaryClass   = "astro-ph.CO",
      SLACcitation   = "%%CITATION = ARXIV:1909.12069;%%"
}

@article{Philcox:2019hdi,
    author = "Philcox, Oliver H. E. and Eisenstein, Daniel J.",
    title = "{Computing the Small-Scale Galaxy Power Spectrum and Bispectrum in Configuration-Space}",
    eprint = "1912.01010",
    archivePrefix = "arXiv",
    primaryClass = "astro-ph.CO",
    doi = "10.1093/mnras/stz3335",
    journal = "Mon. Not. Roy. Astron. Soc.",
    volume = "492",
    number = "1",
    pages = "1214--1242",
    year = "2020"
}

@article{Pober:2013jna,
    author = "Pober, Jonathan C. and others",
    title = "{What Next-Generation 21 cm Power Spectrum Measurements Can Teach Us About the Epoch of Reionization}",
    eprint = "1310.7031",
    archivePrefix = "arXiv",
    primaryClass = "astro-ph.CO",
    doi = "10.1088/0004-637X/782/2/66",
    journal = "Astrophys. J.",
    volume = "782",
    pages = "66",
    year = "2014"
}

@article{Pober:2014lva,
    author = "Pober, Jonathan C.",
    title = "{The Impact of Foregrounds on Redshift Space Distortion Measurements With the Highly-Redshifted 21 cm Line}",
    eprint = "1411.2050",
    archivePrefix = "arXiv",
    primaryClass = "astro-ph.CO",
    doi = "10.1093/mnras/stu2575",
    journal = "Mon. Not. Roy. Astron. Soc.",
    volume = "447",
    number = "2",
    pages = "1705--1712",
    year = "2015"
}

@article{Pozzetti:2016cch,
      author         = "Pozzetti, L. and Hirata, C. M. and Geach, J. E. and
                        Cimatti, A. and Baugh, C. and Cucciati, O. and Merson, A.
                        and Norberg, P. and Shi, D.",
      title          = "{Modelling the number density of Hα emitters for future
                        spectroscopic near-IR space missions}",
      journal        = "Astron. Astrophys.",
      volume         = "590",
      year           = "2016",
      pages          = "A3",
      doi            = "10.1051/0004-6361/201527081",
      eprint         = "1603.01453",
      archivePrefix  = "arXiv",
      primaryClass   = "astro-ph.GA",
      SLACcitation   = "%%CITATION = ARXIV:1603.01453;%%"
}

@article{Raccanelli:2013dza,
    author = "Raccanelli, Alvise and Bertacca, Daniele and Dor\'e, Olivier and Maartens, Roy",
    title = "{Large-scale 3D galaxy correlation function and non-Gaussianity}",
    eprint = "1306.6646",
    archivePrefix = "arXiv",
    primaryClass = "astro-ph.CO",
    doi = "10.1088/1475-7516/2014/08/022",
    journal = "JCAP",
    volume = "08",
    pages = "022",
    year = "2014"
}

@article{Raccanelli:2015vla,
    author = "Raccanelli, Alvise and Montanari, Francesco and Bertacca, Daniele and Dor\'e, Olivier and Durrer, Ruth",
    title = "{Cosmological Measurements with General Relativistic Galaxy Correlations}",
    eprint = "1505.06179",
    archivePrefix = "arXiv",
    primaryClass = "astro-ph.CO",
    doi = "10.1088/1475-7516/2016/05/009",
    journal = "JCAP",
    volume = "05",
    pages = "009",
    year = "2016"
}

 @article{Raccanelli:2016avd,
    author = "Raccanelli, Alvise and Bertacca, Daniele and Jeong, Donghui and Neyrinck, Mark C. and Szalay, Alexander S.",
    title = "{Doppler term in the galaxy two-point correlation function: wide-angle, velocity, Doppler lensing and cosmic acceleration effects}",
    eprint = "1602.03186",
    archivePrefix = "arXiv",
    primaryClass = "astro-ph.CO",
    doi = "10.1016/j.dark.2017.12.003",
    journal = "Phys. Dark Univ.",
    volume = "19",
    pages = "109--123",
    year = "2018"
}

@article{Rampf:2013dxa,
    author = "Rampf, Cornelius",
    title = "{Frame dragging and Eulerian frames in General Relativity}",
    eprint = "1307.1725",
    archivePrefix = "arXiv",
    primaryClass = "astro-ph.CO",
    reportNumber = "AEI-2014-002",
    doi = "10.1103/PhysRevD.89.063509",
    journal = "Phys. Rev. D",
    volume = "89",
    pages = "063509",
    year = "2014"
}

@article{Rampf:2014mga,
    author = "Rampf, Cornelius and Wiegand, Alexander",
    title = "{Relativistic Lagrangian displacement field and tensor perturbations}",
    eprint = "1409.2688",
    archivePrefix = "arXiv",
    primaryClass = "gr-qc",
    reportNumber = "AEI-2014-043",
    doi = "10.1103/PhysRevD.90.123503",
    journal = "Phys. Rev. D",
    volume = "90",
    pages = "123503",
    year = "2014"
}

@article{Saga:2015apa,
    author = "Saga, Shohei and Yamauchi, Daisuke and Ichiki, Kiyotomo",
    title = "{Weak lensing induced by second-order vector mode}",
    eprint = "1505.02774",
    archivePrefix = "arXiv",
    primaryClass = "astro-ph.CO",
    doi = "10.1103/PhysRevD.92.063533",
    journal = "Phys. Rev. D",
    volume = "92",
    number = "6",
    pages = "063533",
    year = "2015"
}

@article{Santos:2015gra,
    author = "Santos, Mario G. and others",
    editor = "Bourke, Tyler L. and others",
    title = "{Cosmology from a SKA HI intensity mapping survey}",
    eprint = "1501.03989",
    archivePrefix = "arXiv",
    primaryClass = "astro-ph.CO",
    doi = "10.22323/1.215.0019",
    journal = "PoS",
    volume = "AASKA14",
    pages = "019",
    year = "2015"
}

@inproceedings{Santos:2017qgq,
    author = "Santos, Mario G. and others",
    collaboration = "MeerKLASS",
    title = "{MeerKLASS: MeerKAT Large Area Synoptic Survey}",
    booktitle = "{MeerKAT Science}: {On the Pathway to the SKA}",
    eprint = "1709.06099",
    archivePrefix = "arXiv",
    primaryClass = "astro-ph.CO",
    month = "9",
    year = "2017"
}

@article{Sargent:1977,
       author = {{Sargent}, W.~L.~W. and {Turner}, E.~L.},
        title = "{A statistical method for determining the cosmological density parameter from the redshifts of a complete sample of galaxies.}",
      journal = {The Astrophysical Journal},
     keywords = {Cosmology, Density Distribution, Galaxies, Mass Distribution, Red Shift, Statistical Analysis, Galactic Radiation, Hubble Diagram, Perturbation Theory, Probability Distribution Functions, Radial Velocity, Star Distribution, Stellar Luminosity, Astrophysics},
         year = {1977},
        month = {Feb},
       volume = {212},
        pages = {L3-L7},
          doi = {10.1086/182362},
       adsurl = {https://ui.adsabs.harvard.edu/abs/1977ApJ...212L...3S},
      adsnote = {Provided by the SAO/NASA Astrophysics Data System}
}

@article{Sarkar:2019ojl,
    author = "Sarkar, Debanjan and Majumdar, Suman and Bharadwaj, Somnath",
    title = "{Modelling the post-reionization neutral hydrogen ($\mathrm{HI}$) 21-cm bispectrum}",
    eprint = "1907.01819",
    archivePrefix = "arXiv",
    primaryClass = "astro-ph.CO",
    doi = "10.1093/mnras/stz2799",
    journal = "Mon. Not. Roy. Astron. Soc.",
    volume = "490",
    number = "2",
    pages = "2880--2889",
    year = "2019"
}

@article{Sarkar:2019nak,
    author = "Sarkar, Debanjan and Bharadwaj, Somnath",
    title = "{Redshift-space distortions of the H i 21-cm intensity mapping signal due to the internal motions within galaxies}",
    eprint = "1906.07032",
    archivePrefix = "arXiv",
    primaryClass = "astro-ph.CO",
    doi = "10.1093/mnras/stz1691",
    journal = "Mon. Not. Roy. Astron. Soc.",
    volume = "487",
    number = "4",
    pages = "5666--5678",
    year = "2019"
}

@article{Schmit:2018rtf,
    author = "Schmit, Claude J. and Heavens, Alan F. and Pritchard, Jonathan R.",
    title = "{The gravitational and lensing-ISW bispectrum of 21 cm radiation}",
    eprint = "1810.00973",
    archivePrefix = "arXiv",
    primaryClass = "astro-ph.CO",
    doi = "10.1093/mnras/sty3400",
    journal = "Mon. Not. Roy. Astron. Soc.",
    volume = "483",
    number = "3",
    pages = "4259--4275",
    year = "2019"
}

@article{Scoccimarro:1999ed,
   title={The Bispectrum as a Signature of Gravitational Instability in Redshift Space},
   volume={517},
   ISSN={1538-4357},
   url={http://dx.doi.org/10.1086/307220},
   DOI={10.1086/307220},
   number={2},
   journal={The Astrophysical Journal},
   publisher={American Astronomical Society},
   author={Scoccimarro, Roman and Couchman, H. M. P. and Frieman, Joshua A.},
   year={1999},
   month={Jun},
   pages={531–540}
}

@article{Scoccimarro:2003wn,
    author = "Scoccimarro, Roman and Sefusatti, Emiliano and Zaldarriaga, Matias",
    title = "{Probing primordial non-Gaussianity with large - scale structure}",
    eprint = "astro-ph/0312286",
    archivePrefix = "arXiv",
    doi = "10.1103/PhysRevD.69.103513",
    journal = "Phys. Rev. D",
    volume = "69",
    pages = "103513",
    year = "2004"
}

@article{Scoccimarro:2015bla,
    author = "Scoccimarro, Roman",
    title = "{Fast Estimators for Redshift-Space Clustering}",
    eprint = "1506.02729",
    archivePrefix = "arXiv",
    primaryClass = "astro-ph.CO",
    doi = "10.1103/PhysRevD.92.083532",
    journal = "Phys. Rev. D",
    volume = "92",
    number = "8",
    pages = "083532",
    year = "2015"
}

@article{Sefusatti:2006pa,
    author = "Sefusatti, Emiliano and Crocce, Martin and Pueblas, Sebastian and Scoccimarro, Roman",
    title = "{Cosmology and the Bispectrum}",
    eprint = "astro-ph/0604505",
    archivePrefix = "arXiv",
    reportNumber = "FERMILAB-PUB-06-083-A",
    doi = "10.1103/PhysRevD.74.023522",
    journal = "Phys. Rev. D",
    volume = "74",
    pages = "023522",
    year = "2006"
}

@article{Sefusatti:2007ih,
    author = "Sefusatti, Emiliano and Komatsu, Eiichiro",
    title = "{The Bispectrum of Galaxies from High-Redshift Galaxy Surveys: Primordial Non-Gaussianity and Non-Linear Galaxy Bias}",
    eprint = "0705.0343",
    archivePrefix = "arXiv",
    primaryClass = "astro-ph",
    reportNumber = "FERMILAB-PUB-07-107-A",
    doi = "10.1103/PhysRevD.76.083004",
    journal = "Phys. Rev. D",
    volume = "76",
    pages = "083004",
    year = "2007"
}

@article{Shaw:2014khi,
    author = "Shaw, J. Richard and Sigurdson, Kris and Sitwell, Michael and Stebbins, Albert and Pen, Ue-Li",
    title = "{Coaxing cosmic 21 cm fluctuations from the polarized sky using m-mode analysis}",
    eprint = "1401.2095",
    archivePrefix = "arXiv",
    primaryClass = "astro-ph.CO",
    reportNumber = "FERMILAB-PUB-14-044-A",
    doi = "10.1103/PhysRevD.91.083514",
    journal = "Phys. Rev. D",
    volume = "91",
    number = "8",
    pages = "083514",
    year = "2015"
}

@article{Sheth:1999su,
    author = "Sheth, Ravi K. and Mo, H. J. and Tormen, Giuseppe",
    title = "{Ellipsoidal collapse and an improved model for the number and spatial distribution of dark matter haloes}",
    eprint = "astro-ph/9907024",
    archivePrefix = "arXiv",
    doi = "10.1046/j.1365-8711.2001.04006.x",
    journal = "Mon. Not. Roy. Astron. Soc.",
    volume = "323",
    pages = "1",
    year = "2001"
}

@article{Sheth:2001dp,
    author = "Sheth, Ravi K. and Tormen, Giuseppe",
    title = "{An Excursion Set Model of Hierarchical Clustering : Ellipsoidal Collapse and the Moving Barrier}",
    eprint = "astro-ph/0105113",
    archivePrefix = "arXiv",
    reportNumber = "FERMILAB-PUB-01-061-A",
    doi = "10.1046/j.1365-8711.2002.04950.x",
    journal = "Mon. Not. Roy. Astron. Soc.",
    volume = "329",
    pages = "61",
    year = "2002"
}

@article{Sheth:1999mn,
    author = "Sheth, Ravi K. and Tormen, Giuseppe",
    title = "{Large scale bias and the peak background split}",
    eprint = "astro-ph/9901122",
    archivePrefix = "arXiv",
    doi = "10.1046/j.1365-8711.1999.02692.x",
    journal = "Mon. Not. Roy. Astron. Soc.",
    volume = "308",
    pages = "119",
    year = "1999"
}

@article{Shirasaki:2020vkk,
    author = "Shirasaki, Masato and Sugiyama, Naonori S. and Takahashi, Ryuichi and Kitaura, Francisco-Shu",
    title = "{Constraining primordial non-Gaussianity with postreconstructed galaxy bispectrum in redshift space}",
    eprint = "2010.04567",
    archivePrefix = "arXiv",
    primaryClass = "astro-ph.CO",
    doi = "10.1103/PhysRevD.103.023506",
    journal = "Phys. Rev. D",
    volume = "103",
    number = "2",
    pages = "023506",
    year = "2021"
}

@article{Slepian:2016kfz,
    author = "Slepian, Zachary and others",
    title = "{Detection of baryon acoustic oscillation features in the large-scale three-point correlation function of SDSS BOSS DR12 CMASS galaxies}",
    eprint = "1607.06097",
    archivePrefix = "arXiv",
    primaryClass = "astro-ph.CO",
    doi = "10.1093/mnras/stx488",
    journal = "Mon. Not. Roy. Astron. Soc.",
    volume = "469",
    number = "2",
    pages = "1738--1751",
    year = "2017"
}

@article{Slosar:2019jwd,
    author = "Slosar, An\v{z}e and others",
    collaboration = "PUMA",
    title = "{Packed Ultra-wideband Mapping Array (PUMA): A Radio Telescope for Cosmology and Transients}",
    eprint = "1907.12559",
    archivePrefix = "arXiv",
    primaryClass = "astro-ph.IM",
    month = "7",
    year = "2019"
}

@article{Smith:2002dz,
    author = "Smith, R. E. and Peacock, J. A. and Jenkins, A. and White, S. D. M. and Frenk, C. S. and Pearce, F. R. and Thomas, P. A. and Efstathiou, G. and Couchmann, H. M. P.",
    collaboration = "VIRGO Consortium",
    title = "{Stable clustering, the halo model and nonlinear cosmological power spectra}",
    eprint = "astro-ph/0207664",
    archivePrefix = "arXiv",
    doi = "10.1046/j.1365-8711.2003.06503.x",
    journal = "Mon. Not. Roy. Astron. Soc.",
    volume = "341",
    pages = "1311",
    year = "2003"
}

@article{Sugiyama:2018yzo,
   title={A complete FFT-based decomposition formalism for the redshift-space bispectrum},
   volume={484},
   ISSN={1365-2966},
   url={http://dx.doi.org/10.1093/mnras/sty3249},
   DOI={10.1093/mnras/sty3249},
   number={1},
   journal={Monthly Notices of the Royal Astronomical Society},
   publisher={Oxford University Press (OUP)},
   author={Sugiyama, Naonori S and Saito, Shun and Beutler, Florian and Seo, Hee-Jong},
   year={2018},
   month={Nov},
   pages={364–384}
}

@article{Sugiyama:2019ike,
    author = "Sugiyama, Naonori S. and Saito, Shun and Beutler, Florian and Seo, Hee-Jong",
    title = "{Perturbation theory approach to predict the covariance matrices of the galaxy power spectrum and bispectrum in redshift space}",
    eprint = "1908.06234",
    archivePrefix = "arXiv",
    primaryClass = "astro-ph.CO",
    doi = "10.1093/mnras/staa1940",
    journal = "Mon. Not. Roy. Astron. Soc.",
    volume = "497",
    number = "2",
    pages = "1684--1711",
    year = "2020"
}

@article{Tansella:2017rpi,
    author = "Tansella, Vittorio and Bonvin, Camille and Durrer, Ruth and Ghosh, Basundhara and Sellentin, Elena",
    title = "{The full-sky relativistic correlation function and power spectrum of galaxy number counts. Part I: theoretical aspects}",
    eprint = "1708.00492",
    archivePrefix = "arXiv",
    primaryClass = "astro-ph.CO",
    doi = "10.1088/1475-7516/2018/03/019",
    journal = "JCAP",
    volume = "03",
    pages = "019",
    year = "2018"
}

@article{Tellarini:2015faa,
    author = "Tellarini, Matteo and Ross, Ashley J. and Tasinato, Gianmassimo and Wands, David",
    title = "{Non-local bias in the halo bispectrum with primordial non-Gaussianity}",
    eprint = "1504.00324",
    archivePrefix = "arXiv",
    primaryClass = "astro-ph.CO",
    doi = "10.1088/1475-7516/2015/07/004",
    journal = "JCAP",
    volume = "07",
    pages = "004",
    year = "2015"
}

@article{Tellarini:2016sgp,
   title={Galaxy bispectrum, primordial non-Gaussianity and redshift space distortions},
   volume={2016},
   ISSN={1475-7516},
   url={http://dx.doi.org/10.1088/1475-7516/2016/06/014},
   DOI={10.1088/1475-7516/2016/06/014},
   number={06},
   journal={Journal of Cosmology and Astroparticle Physics},
   publisher={IOP Publishing},
   author={Tellarini, Matteo and Ross, Ashley J. and Tasinato, Gianmassimo and Wands, David},
   year={2016},
   month={Jun},
   pages={014–014}
}

@article{Tomita:2005et,
    author = "Tomita, Kenji",
    title = "{Relativistic second-order perturbations of nonzero-lambda flat cosmological models and CMB anisotropies}",
    eprint = "astro-ph/0501663",
    archivePrefix = "arXiv",
    doi = "10.1103/PhysRevD.71.083504",
    journal = "Phys. Rev. D",
    volume = "71",
    pages = "083504",
    year = "2005"
}

@article{Tram:2016cpy,
    author = "Tram, Thomas and Fidler, Christian and Crittenden, Robert and Koyama, Kazuya and Pettinari, Guido W. and Wands, David",
    title = "{The Intrinsic Matter Bispectrum in $\Lambda$CDM}",
    eprint = "1602.05933",
    archivePrefix = "arXiv",
    primaryClass = "astro-ph.CO",
    doi = "10.1088/1475-7516/2016/05/058",
    journal = "JCAP",
    volume = "05",
    pages = "058",
    year = "2016"
}

@article{Umeh:2015gza,
    author = "Umeh, Obinna and Maartens, Roy and Santos, Mario",
    title = "{Nonlinear modulation of the HI power spectrum on ultra-large scales. I}",
    eprint = "1509.03786",
    archivePrefix = "arXiv",
    primaryClass = "astro-ph.CO",
    doi = "10.1088/1475-7516/2016/03/061",
    journal = "JCAP",
    volume = "03",
    pages = "061",
    year = "2016"
}

@article{Umeh:2016thy,
    author = "Umeh, Obinna",
    title = "{Imprint of non-linear effects on HI intensity mapping on large scales}",
    eprint = "1611.04963",
    archivePrefix = "arXiv",
    primaryClass = "astro-ph.CO",
    doi = "10.1088/1475-7516/2017/06/005",
    journal = "JCAP",
    volume = "06",
    pages = "005",
    year = "2017"
}

@article{Umeh:2016nuh,
    author = "Umeh, Obinna and Jolicoeur, Sheean and Maartens, Roy and Clarkson, Chris",
    title = "{A general relativistic signature in the galaxy bispectrum: the local effects of observing on the lightcone}",
    eprint = "1610.03351",
    archivePrefix = "arXiv",
    primaryClass = "astro-ph.CO",
    doi = "10.1088/1475-7516/2017/03/034",
    journal = "JCAP",
    volume = "03",
    pages = "034",
    year = "2017"
}

@article{Umeh:2019jqg,
    author = "Umeh, Obinna and Koyama, Kazuya",
    title = "{The galaxy bias at second order in general relativity with Non-Gaussian initial conditions}",
    eprint = "1907.08094",
    archivePrefix = "arXiv",
    primaryClass = "astro-ph.CO",
    doi = "10.1088/1475-7516/2019/12/048",
    journal = "JCAP",
    volume = "12",
    pages = "048",
    year = "2019"
}

@article{Umeh:2019qyd,
      author         = "Umeh, Obinna and Koyama, Kazuya and Maartens, Roy and
                        Schmidt, Fabian and Clarkson, Chris",
      title          = "{General relativistic effects in the galaxy bias at
                        second order}",
      journal        = "JCAP",
      volume         = "1905",
      year           = "2019",
      number         = "05",
      pages          = "020",
      doi            = "10.1088/1475-7516/2019/05/020",
      eprint         = "1901.07460",
      archivePrefix  = "arXiv",
      primaryClass   = "astro-ph.CO",
      SLACcitation   = "%%CITATION = ARXIV:1901.07460;%%"
}

@article{Umeh:2020cag,
    author = "Umeh, Obinna and Koyama, Kazuya and Crittenden, Robert",
    title = "{Testing the equivalence principle on cosmological scales using the odd multipoles of galaxy cross-power spectrum and bispectrum}",
    eprint = "2011.05876",
    archivePrefix = "arXiv",
    primaryClass = "astro-ph.CO",
    month = "11",
    year = "2020"
}

@article{Verde:1998zr,
   title={Large-scale bias in the Universe - II. Redshift-space bispectrum},
   volume={300},
   ISSN={1365-2966},
   url={http://dx.doi.org/10.1046/j.1365-8711.1998.01937.x},
   DOI={10.1046/j.1365-8711.1998.01937.x},
   number={3},
   journal={Monthly Notices of the Royal Astronomical Society},
   publisher={Oxford University Press (OUP)},
   author={Verde, L. and Heavens, A. F. and Matarrese, S. and Moscardini, L.},
   year={1998},
   month={Nov},
   pages={747–756}
}

@article{Verde:1999ij,
    author = "Verde, Licia and Wang, Li-Min and Heavens, Alan and Kamionkowski, Marc",
    title = "{Large scale structure, the cosmic microwave background, and primordial non-gaussianity}",
    eprint = "astro-ph/9906301",
    archivePrefix = "arXiv",
    doi = "10.1046/j.1365-8711.2000.03191.x",
    journal = "Mon. Not. Roy. Astron. Soc.",
    volume = "313",
    pages = "L141--L147",
    year = "2000"
}

@article{Villa:2015ppa,
      author         = "Villa, Eleonora and Rampf, Cornelius",
      title          = "Relativistic perturbations in $\Lambda$CDM: Eulerian \& Lagrangian approaches",
      journal        = "JCAP",
      volume         = "1601",
      year           = "2016",
      number         = "01",
      pages          = "030",
      doi            = "10.1088/1475-7516/2018/05/E01,
                        10.1088/1475-7516/2016/01/030",
      note           = "[Erratum: JCAP1805,no.05,E01(2018)]",
      eprint         = "1505.04782",
      archivePrefix  = "arXiv",
      primaryClass   = "gr-qc",
      SLACcitation   = "%%CITATION = ARXIV:1505.04782;%%"
}

@article{Villaescusa-Navarro:2018vsg,
    author = "Villaescusa-Navarro, Francisco and others",
    title = "{Ingredients for 21 cm Intensity Mapping}",
    eprint = "1804.09180",
    archivePrefix = "arXiv",
    primaryClass = "astro-ph.CO",
    doi = "10.3847/1538-4357/aadba0",
    journal = "Astrophys. J.",
    volume = "866",
    number = "2",
    pages = "135",
    year = "2018"
}

@article{Villumsen:1995ar,
    author = "Villumsen, Jens Verner",
    title = "{Clustering of faint galaxies: omega (Theta), induced by weak gravitational lensing}",
    eprint = "astro-ph/9512001",
    archivePrefix = "arXiv",
    month = "12",
    year = "1995"
}

@article{Wang:2020ibf,
    author = "Wang, Mike Shengbo and Beutler, Florian and Bacon, David",
    title = "{Impact of Relativistic Effects on the Primordial Non-Gaussianity Signature in the Large-Scale Clustering of Quasars}",
    eprint = "2007.01802",
    archivePrefix = "arXiv",
    primaryClass = "astro-ph.CO",
    doi = "10.1093/mnras/staa2998",
    journal = "Mon. Not. Roy. Astron. Soc.",
    volume = "499",
    number = "2",
    pages = "2598--2607",
    year = "2020"
}

@article{Watkinson:2017zbs,
    author = "Watkinson, Catherine A and Majumdar, Suman and Pritchard, Jonathan R. and Mondal, Rajesh",
    title = "{A fast estimator for the bispectrum and beyond \textendash{} a practical method for measuring non-Gaussianity in 21-cm maps}",
    eprint = "1705.06284",
    archivePrefix = "arXiv",
    primaryClass = "astro-ph.CO",
    doi = "10.1093/mnras/stx2130",
    journal = "Mon. Not. Roy. Astron. Soc.",
    volume = "472",
    number = "2",
    pages = "2436--2446",
    year = "2017"
}

@article{Witzemann:2018cdx,
    author = "Witzemann, Amadeus and Alonso, David and Fonseca, Jos\'e and Santos, Mario G.",
    title = "{Simulated multitracer analyses with H i intensity mapping}",
    eprint = "1808.03093",
    archivePrefix = "arXiv",
    primaryClass = "astro-ph.CO",
    doi = "10.1093/mnras/stz778",
    journal = "Mon. Not. Roy. Astron. Soc.",
    volume = "485",
    number = "4",
    pages = "5519--5531",
    year = "2019"
}

@article{Wolz:2015sqa,
    author = "Wolz, Laura and Abdalla, Filipe B. and Alonso, David and Blake, Chris and Bull, Philip and Chang, Tzu-Ching and Ferreira, Pedro G. and Kuo, Cheng-Yu and Santos, Marios G. and Shaw, Richard",
    editor = "Bourke, Tyler L. and others",
    title = "{Foreground Subtraction in Intensity Mapping with the SKA}",
    eprint = "1501.03823",
    archivePrefix = "arXiv",
    primaryClass = "astro-ph.CO",
    doi = "10.22323/1.215.0035",
    journal = "PoS",
    volume = "AASKA14",
    pages = "035",
    year = "2015"
}

@article{Yankelevich:2018uaz,
    author = "Yankelevich, Victoria and Porciani, Cristiano",
    title = "{Cosmological information in the redshift-space bispectrum}",
    eprint = "1807.07076",
    archivePrefix = "arXiv",
    primaryClass = "astro-ph.CO",
    doi = "10.1093/mnras/sty3143",
    journal = "Mon. Not. Roy. Astron. Soc.",
    volume = "483",
    number = "2",
    pages = "2078--2099",
    year = "2019"
}

@article{Yoo:2010ni,
    author = "Yoo, Jaiyul",
    title = "{General Relativistic Description of the Observed Galaxy Power Spectrum: Do We Understand What We Measure?}",
    eprint = "1009.3021",
    archivePrefix = "arXiv",
    primaryClass = "astro-ph.CO",
    doi = "10.1103/PhysRevD.82.083508",
    journal = "Phys. Rev. D",
    volume = "82",
    pages = "083508",
    year = "2010"
}

@article{Yoo:2009au,
    author = "Yoo, Jaiyul and Fitzpatrick, A. Liam and Zaldarriaga, Matias",
    title = "{A New Perspective on Galaxy Clustering as a Cosmological Probe: General Relativistic Effects}",
    eprint = "0907.0707",
    archivePrefix = "arXiv",
    primaryClass = "astro-ph.CO",
    doi = "10.1103/PhysRevD.80.083514",
    journal = "Phys. Rev. D",
    volume = "80",
    pages = "083514",
    year = "2009"
}

@article{Yoo:2012se,
    author = "Yoo, Jaiyul and Hamaus, Nico and Seljak, Uros and Zaldarriaga, Matias",
    title = "{Going beyond the Kaiser redshift-space distortion formula: a full general relativistic account of the effects and their detectability in galaxy clustering}",
    eprint = "1206.5809",
    archivePrefix = "arXiv",
    primaryClass = "astro-ph.CO",
    doi = "10.1103/PhysRevD.86.063514",
    journal = "Phys. Rev. D",
    volume = "86",
    pages = "063514",
    year = "2012"
}

@article{Yoo:2014sfa,
    author = "Yoo, Jaiyul and Zaldarriaga, Matias",
    title = "{Beyond the Linear-Order Relativistic Effect in Galaxy Clustering: Second-Order Gauge-Invariant Formalism}",
    eprint = "1406.4140",
    archivePrefix = "arXiv",
    primaryClass = "astro-ph.CO",
    doi = "10.1103/PhysRevD.90.023513",
    journal = "Phys. Rev. D",
    volume = "90",
    number = "2",
    pages = "023513",
    year = "2014"
}

@article{Zhu:2016esh,
    author = "Zhu, Hong-Ming and Pen, Ue-Li and Yu, Yu and Chen, Xuelei",
    title = "{Recovering lost 21 cm radial modes via cosmic tidal reconstruction}",
    eprint = "1610.07062",
    archivePrefix = "arXiv",
    primaryClass = "astro-ph.CO",
    doi = "10.1103/PhysRevD.98.043511",
    journal = "Phys. Rev. D",
    volume = "98",
    number = "4",
    pages = "043511",
    year = "2018"
}